@ARTICLE{anacker-inpress,
  author = {Brian L. Anacker and Justen B. Whittall and Emma E. Goldberg and    Susan P. Harrison},
  title = {Origins and consequences of serpentine endemism in the {C}alifornia  flora},
  journal = {Evolution},
  year = {in press},
  volume = {},
  pages = {},
}

@ARTICLE{goldberg-inpress,
  author = {Emma E. Goldberg and Lesley T. Lancaster and Richard H. Ree},
  title = {Phylogenetic inference of reciprocal effects between geographic range evolution and diversification},
  journal = {Systematic Biology},
  year = {in press},
  volume = {},
  pages = {},
}

@MANUAL{simtreesdd,
  title = {Simulating phylogenetic trees under state-dependent diversification},
  author = {SimTreeSDD},
  year = {2010},
  url = {http://tigger.uic.edu/~eeg/code/code.html},
}

@ARTICLE{fitzjohn2009,
  author = {FitzJohn, R. G. and Maddison, W. P. and Otto, S. P.},
  title = {Estimating Trait-Dependent Speciation and Extinction Rates from      Incompletely Resolved Phylogenies},
  journal = {Systematic Biology},
  year = {2009},
  volume = {58},
  pages = {595--611},
}
