%%%% 2009:
@Article{FitzJohn-2009-595,
  author =	 {R G FitzJohn and W P Maddison and S P Otto},
  title =	 {Estimating trait-dependent speciation and extinction
                  rates from incompletely resolved
                  phylogenies. Systematic Biology 58:595-611},
  journal =	 {Systematic Biology},
  year =	 2009,
  volume =	 58,
  pages =	 {595--611},
  doi =		 {10.1093/sysbio/syp067}
}

%%%% 2010:
@Article{Anacker-2010-365,
  author =	 {Brian L. Anacker and Justen B. Whittall and Emma
                  E. Goldberg and Susan P. Harrison},
  title =	 {Origins and consequences of serpentine endemism in
                  the California flora },
  journal =	 {Evolution},
  year =	 2010,
  volume =	 65,
  pages =	 {365--376},
  doi =		 {10.1111/j.1558-5646.2010.01114.x}
}

@Article{FitzJohn-2010-619,
  author =	 {R G FitzJohn},
  title =	 {Quantitative traits and diversification},
  journal =	 {Systematic Biology},
  year =	 2010,
  volume =	 59,
  pages =	 {619--633},
  doi =		 {10.1093/sysbio/syq053}
}

@Article{Goldberg-2010-493,
  author =	 {E E Goldberg and J R Kohn and R Lande and K A
                  Robertson and S A Smith and B Igi{\'c}},
  title =	 {Species Selection Maintains Self-Incompatibility},
  journal =	 {Science},
  year =	 2010,
  volume =	 330,
  pages =	 {493--495},
  doi =		 {10.1126/science.1194513}
}

@Article{Lancaster-2010-162,
  author =	 {L T Lancaster},
  title =	 {Molecular evolutionary rates predict both extinction
                  and speciation in temperate angiosperm lineages},
  journal =	 {BMC Evolutionary Biology},
  year =	 2010,
  volume =	 10,
  pages =	 162,
  doi =		 {10.1186/1471-2148-10-162}
}

%%%% 2011:
@Article{Canovas-2011-371,
  author =	 {F G C{\'a}novas and C F Mota and E A Serr{\~a}o and
                  G A Pearson},
  title =	 {Driving south: a multi-gene phylogeny of the brown
                  algal family {Fucaceae} reveals relationships and
                  recent drivers of a marine radiation },
  journal =	 {BMC Evolutionary Biology},
  year =	 2011,
  volume =	 11,
  pages =	 371,
  doi =		 {10.1186/1471-2148-11-371}
}

@Article{Cantalapiedra-2011-e28749,
  author =	 {Juan L. Cantalapiedra and Manuel H{\'e}rnandez
                  Fern{\'a}ndez and Jorge Morales},
  title =	 {Biomic Specialization and Speciation Rates in
                  Ruminants (Cetartiodactyla, Mammalia): A Test of the
                  Resource-Use Hypothesis at the Global Scale },
  journal =	 {PloS One},
  year =	 2011,
  volume =	 6,
  pages =	 {e28749},
  doi =		 {10.1371/journal.pone.0028749}
}

@Article{Eastman-2011-503,
  author =	 {J M Eastman and A Storfer},
  title =	 {Correlations of Life-History and
                  Distributional-Range Variation with Salamander
                  Diversification Rates: Evidence for Species
                  Selection },
  journal =	 {Systematic Biology},
  year =	 2011,
  volume =	 60,
  pages =	 {503--518},
  doi =		 {10.1093/sysbio/syr020}
}

@Article{Johnson-2011-3230,
  author =	 {M T J Johnson and R G FitzJohn and S D Smith and M D
                  Rausher and S P Otto},
  title =	 {Loss of sexual recombination and segregation is
                  associated with increased diversification in evening
                  primroses},
  journal =	 {Evolution},
  year =	 2011,
  volume =	 65,
  number =	 11,
  pages =	 {3230--3240},
  doi =		 {10.1111/j.1558-5646.2011.01378.x}
}

@Article{Matthews-2011-1256,
  author =	 {L J Matthews and C Arnold and Z Machanda and C L
                  Nunn},
  title =	 {Primate extinction risk and historical patterns of
                  speciation and extinction in relation to body mass },
  journal =	 {Proceedings of the Royal Society of London, Series B
                  Biological Sciences},
  year =	 2011,
  volume =	 278,
  pages =	 {1246--1263},
  doi =		 {10.1098/rspb.2010.1489}
}

@Article{Mayrose-2011-1257,
  author =	 {I Mayrose and S H Zhan and C J Rothfels and K
                  Magnuson-Ford and M S Barker and L H Rieseberg and S
                  P Otto},
  title =	 {Recently Formed Polyploid Plants Diversify at Lower
                  Rates },
  journal =	 {Science},
  year =	 2011,
  volume =	 333,
  pages =	 1257,
  doi =		 {10.1126/science.1207205}
}

@Article{Olalla-Tarraga-2011-2237,
  author =	 {Miguel {\'A} Olalla-T{\'a}rraga and Lynsey McInnes
                  and Luis M. Bini and Jos{\'e} A. F. Diniz-Filho and
                  Susanne A. Fritz and Bradford A. Hawkins and
                  Joaqu{\'i}n Hortal and C. David L. Orme and Carsten
                  Rahbek and Miguel {\'A}.  Rodr{\'i}guez and Andy
                  Purvis},
  title =	 {Climatic niche conservatism and the evolutionary
                  dynamics in species range boundaries: global
                  congruence across mammals and amphibians},
  journal =	 {Journal of Biogeography},
  year =	 2011,
  volume =	 38,
  pages =	 {2237--2247},
  doi =		 {10.1111/j.1365-2699.2011.02570.x}
}

@Article{Raia-2011-3474,
  author =	 {P Raia and F Carotenuto and J R Eronen and M
                  Fortelius},
  title =	 {Longer in the tooth, shorter in the record? The
                  evolutionary correlates of hypsodonty in {Neogene}
                  ruminants },
  journal =	 {Proceedings of the Royal Society of London, Series B
                  Biological Sciences},
  year =	 2011,
  volume =	 278,
  pages =	 {3474--3481},
  doi =		 {10.1098/rspb.2011.0273}
}

@Article{Valente-2011-881,
  author =	 {Luis M. Valente and Vincent Savolainen and John
                  C. Manning and Peter Goldblatt and Pablo Vargas },
  title =	 {Explaining disparities in species richness between
                  {Mediterranean} floristic regions: a case study in
                  \textit{Gladiolus} ({Iridaceae}) },
  journal =	 {Global Ecology and Biogeography},
  year =	 2011,
  volume =	 20,
  pages =	 {881--892},
  doi =		 {10.1111/j.1466-8238.2010.00644.x}
}

@Article{Wilson-2011-1305,
  author =	 {A W Wilson and M Binder and D S Hibbett},
  title =	 {Effects of gasteroid fruiting body morphology on
                  diversification rates in three independent clades of
                  fungi estimated using binary state speciation and
                  extinction analysis},
  journal =	 {Evolution},
  year =	 2011,
  volume =	 65,
  pages =	 {1305--1322},
  doi =		 {10.1111/j.1558-5646.2010.01214.x}
}

%%%% 2012:
@Article{Avaria-Llautureo-2012-e34654,
  author =	 {Jorge Avaria-Llautureo and C E Hern{\'a}ndez and
                  Dusan Boric-Bargetto and Cristian B. Canales-Aguirre
                  and Bryan Morales-Pallero and Enrique
                  Rodr{\'i}guez-Serrano},
  title =	 {Body Size Evolution in Extant {Oryzomyini} Rodents:
                  {Cope's} Rule or Miniaturization?},
  journal =	 {PloS One},
  year =	 2012,
  volume =	 7,
  pages =	 {e34654},
  doi =		 {10.1371/journal.pone.0034654}
}

@Article{Bardon-2012,
  author =	 {L Bardon and J Chamagne and K G Dexter and C A
                  Sothers and G T Prance and J Chave},
  title =	 {Origin and evolution of {Chrysobalanaceae}: insights
                  into the evolution of plants in the {Neotropics}},
  journal =	 {Botanical Journal of the Linnean Society},
  year =	 2012,
  volume =	 {\textit{in press}},
  doi =		 {10.1111/j.1095-8339.2012.01289.x}
}

@Article{Bergmann-2012,
  author =	 {P J Bergmann and D J Irschick},
  title =	 {Vertebral evolution and the diversification of
                  squamate reptiles},
  journal =	 {Evolution},
  year =	 2012,
  volume =	 66,
  pages =	 {1044--1058},
  doi =		 {10.1111/j.1558-5646.2011.01491.x}
}

@Article{Betancur-R-2012,
  author =	 {R Betancur-R and G Ort\'i and A M Stein and A P
                  Marceniuk and R A Pyron},
  title =	 {Apparent signal of competition limiting
                  diversiÔ¨Åcation after ecological transitions from
                  marine to freshwater habitats},
  journal =	 {Ecology Letters},
  year =	 2012,
  volume =	 {\textit{in press}},
  doi =		 {10.1111/j.1461-0248.2012.01802.x}
}

@Article{Boucher-2012,
  author =	 {Florian C. Boucher and Wilfried Thuiller and
                  Cristina Roquet and Rolland Douzet and Serge Aubert
                  and Nadir Alvarez and S{\'e}bastien Lavergne},
  title =	 {Reconstructing the origins of high-alpine niches and
                  cushion life form in the genus \textit{Androsace
                  s.l.} ({Primulaceae}) },
  journal =	 {Evolution},
  year =	 2012,
  volume =	 66,
  pages =	 {1255--1268},
  doi =		 {10.1111/j.1558-5646.2011.01483.x}
}

@Article{Buerki-2012,
  author =	 {S Buerki and S Jose and S R Yadav and P Goldblatt
                  and J C Manning and F Forest},
  title =	 {Contrasting Biogeographic and Diversification
                  Patterns in Two Mediterranean-Type Ecosystems},
  journal =	 {PLos ONE},
  year =	 2012,
  volume =	 7,
  number =	 6,
  pages =	 {e39377},
  doi =		 {10.1371/journal.pone.0039377}
}

@Article{Burbrink-2012-465,
  author =	 {Frank T. Burbrink and Sara Ruane and R. Alexander
                  Pyron},
  title =	 {When are adaptive radiations replicated in areas?
                  Ecological opportunity and unexceptional
                  diversification in West Indian dipsadine snakes
                  ({Colubridae: Alsophiini}) },
  journal =	 {Journal of Biogeography},
  year =	 2012,
  volume =	 39,
  pages =	 {465--475},
  doi =		 {10.1111/j.1365-2699.2011.02621.x}
}

@Article{Claramunt-2012-1567,
  author =	 {Santiago Claramunt and Elizabeth P. Derryberry and
                  Remsen, Jr, J. V. and Robb T. Brumfield},
  title =	 {High dispersal ability inhibits speciation in a
                  continental radiation of passerine birds },
  journal =	 {Proceedings of the Royal Society of London, Series B
                  Biological Sciences},
  year =	 2012,
  volume =	 279,
  pages =	 {1567--1574},
  doi =		 {10.1098/rspb.2011.1922}
}

@Article{Claramunt-2012,
  author =	 {Santiago Claramunt and Elizabeth P. Derryberry and
                  Robb T. Brumfield and Remsen, Jr, J. V. },
  title =	 {Ecological Opportunity and Diversification in a
                  Continental Radiation of Birds: Climbing Adaptations
                  and Cladogenesis in the Furnariidae},
  journal =	 {The American Naturalist},
  year =	 2012,
  volume =	 179,
  pages =	 {649--666},
  doi =		 {10.1086/664998}
}

@Article{Dumont-2012,
  author =	 {Elizabeth R. Dumont and Liliana M. D{\'a}valos and
                  Aaron Goldberg and Sharlene E. Santana and Katja Rex
                  and Christian C. Voigt},
  title =	 {Morphological innovation, diversification and
                  invasion of a new adaptive zone},
  journal =	 {Proceedings of the Royal Society of London, Series B
                  Biological Sciences},
  year =	 2012,
  volume =	 279,
  pages =	 {1797--1805},
  doi =		 {10.1098/rspb.2011.2005}
}

@Article{Drummond-2012,
  author =	 {Christopher S. Drummond and Ruth J. Eastwood and
                  Silvia T.S. Miotto and and Colin E. Hughes},
  title =	 {Multiple Continental Radiations and Correlates of
                  Diversification in \textit{Lupinus} ({Leguminosae}):
                  Testing for Key Innovation with Incomplete Taxon
                  Sampling },
  journal =	 {Systematic Biology},
  year =	 2012,
  volume =	 {\textit{in press}},
  doi =		 {10.1093/sysbio/syr126}
}

@Article{Floudas-2012-1715,
  author =	 {Dimitrios Floudas and Manfred Binder and Robert
                  Riley and Kerrie Barry and Robert A. Blanchette and
                  Bernard Henrissat and Angel T. Mart√≠nez and Robert
                  Otillar and Joseph W. Spatafora and Jagjit S. Yadav
                  and Andrea Aerts and Isabelle Benoit and Alex Boyd
                  and Alexis Carlson and Alex Copeland and Pedro
                  M. Coutinho and Ronald P. de Vries and Patricia
                  Ferreira and Keisha Findley and Brian Foster and
                  Jill Gaskell and Dylan Glotzer and Pawe\l G\'orecki
                  and Joseph Heitman and Cedar Hesse and Chiaki Hori
                  and Kiyohiko Igarashi and Joel A. Jurgens and Nathan
                  Kallen and Phil Kersten and Annegret Kohler and
                  Ursula K√ºes and T. K. Arun Kumar and Alan Kuo and
                  Kurt LaButti and Luis F. Larrondo and Erika
                  Lindquist and Albee Ling and Vincent Lombard and
                  Susan Lucas and Taina Lundell and Rachael Martin and
                  David J. McLaughlin and Ingo Morgenstern and
                  Emanuelle Morin and Claude Murat and Laszlo G. Nagy
                  and Matt Nolan and Robin A. Ohm and Aleksandrina
                  Patyshakuliyeva and Antonis Rokas and Francisco
                  J. Ruiz-Due\~nas and Grzegorz Sabat and Asaf Salamov
                  and Masahiro Samejima and Jeremy Schmutz and Jason
                  C. Slot and Franz St. John and Jan Stenlid and Hui
                  Sun and Sheng Sun and Khajamohiddin Syed and Adrian
                  Tsang and Ad Wiebenga and Darcy Young and Antonio
                  Pisabarro and Daniel C. Eastwood and Francis Martin
                  and Dan Cullen and Igor V. Grigoriev and David
                  S. Hibbett},
  title =	 {The Paleozoic Origin of Enzymatic Lignin
                  Decomposition Reconstructed from 31 Fungal Genomes},
  journal =	 {Science},
  year =	 2012,
  volume =	 336,
  pages =	 {1715--1719},
  doi =		 {10.1126/science.1221748}
}

@Article{Gamble-2012-e39429,
  author =	 {T Gamble and E Greenbaum and T R Jackman and A P
                  Russell and A M Bauer},
  title =	 {Repeated Origin and Loss of Adhesive Toepads in
                  Geckos},
  journal =	 {PLoS One},
  year =	 2012,
  volume =	 7,
  pages =	 {e39429},
  doi =		 {10.1371/journal.pone.0039429}
}

@Article{Goldberg-2012,
  author =	 {E E Goldberg and B Igi{\'c}},
  title =	 {Tempo and mode in plant breeding system evolution},
  journal =	 {Evolution},
  year =	 2012,
  volume =	 {\textit{in press}},
  doi =		 {10.1111/j.1558-5646.2012.01730.x}
}

@Article{Gomez-2012,
  author =	 {J M G{\'o}mez and M Verd{\'u}},
  title =	 {Mutualism with Plants drives Primate
                  Diversification},
  journal =	 {Systematic Biology},
  year =	 2012,
  volume =	 {\textit{in press}},
  doi =		 {10.1093/sysbio/syr127}
}

@Article{Grass-2012-304,
  author =	 {{Grass Phylogeny Working Group II}},
  title =	 {New grass phylogeny resolves deep evolutionary
                  relationships and discovers {C}$_4$ origins},
  journal =	 {New Phytologist},
  year =	 2012,
  volume =	 193,
  pages =	 {304--312},
  doi =		 {10.1111/j.1469-8137.2011.03972.x}
}

@Article{Hugall-2012,
  author =	 {A F Hugall and D Stuart-Fox},
  title =	 {Accelerated speciation in colour-polymorphic birds},
  journal =	 {Nature},
  year =	 2012,
  volume =	 {\textit{in press}},
  doi =		 {10.1038/nature11050}
}

@Article{Ikeda-2012-648,
  author =	 {Hiroshi Ikeda and Masaaki Nishikawa and Teiji Sota },
  title =	 {Loss of flight promotes beetle diversification},
  journal =	 {Nature Communications},
  year =	 2012,
  volume =	 3,
  pages =	 648,
  doi =		 {10.1038/ncomms1659}
}

@Article{Litsios-2012,
  author =	 {G Litsios and C A Sims and R O W\"est and B Pearman
                  and N E Zimmermann and N Salamin},
  title =	 {Mutualism with sea anemones triggered the adaptive
                  radiation of clownfishes },
  journal =	 {BMC Evolutionary Biology},
  year =	 2012,
  volume =	 12,
  pages =	 212,
  doi =		 {10.1186/1471-2148-12-212}
}

@Article{Magnuson-Ford-2012,
  author =	 {K Magnuson-Ford and S P Otto},
  title =	 {Linking the Investigations of Character Evolution
                  and Species Diversification},
  journal =	 {The American Naturalist},
  year =	 2012,
  volume =	 {\textit{in press}},
  doi =		 {10.1086/666649}
}

@Article{Machac-2012,
  author =	 {A Machac and J Zrzavy and J Smrckova and D Storch},
  title =	 {Temperature dependence of evolutionary
                  diversification: differences between two contrasting
                  model taxa support the metabolic theory of ecology},
  journal =	 {Journal of Evolutionary Biology},
  year =	 2012,
  volume =	 {{in press}},
  doi =		 {10.1111/jeb.12019}
}

@Article{McDaniel-2012,
  author =	 {S F McDaniel and J Atwood and J G Burleigh},
  title =	 {Recurrent evolution of dioecy in bryophytes},
  journal =	 {Evolution},
  year =	 2012,
  volume =	 {\textit{in press}},
  doi =		 {10.1111/j.1558-5646.2012.01808.x}
}

@Article{Miglietta-2012,
  author =	 {M P Miglietta and C W Cunningham},
  title =	 {Evolution of life cycle, colony morphology and
                  host-specificity in the Family {Hydractiniidae
                  (Hydrozoa, Cnidaria)} },
  journal =	 {Evolution},
  year =	 2012,
  volume =	 {\textit{in press}},
  doi =		 {10.1111/j.1558-5646.2012.01717.x}
}

@Article{Price-2012,
  author =	 {S A Price and S S B Hopkins and K K Smith and V L
                  Roth},
  title =	 {Tempo of trophic evolution and its impact on
                  mammalian diversification},
  journal =	 {Proceedings of the National Acadamy of Sciences,
                  USA},
  year =	 2012,
  volume =	 {\textit{in press}},
  doi =		 {10.1073/pnas.1117133109}
}

@Article{Pyron-2012-497,
  author =	 {R A Pyron and F T Burbrink},
  title =	 {Trait-dependent diversification and the impact of
                  palaeontological data on evolutionary hypothesis
                  testing in {New World} ratsnakes (tribe
                  {Lampropeltini}) },
  journal =	 {Journal of Evolutionary Biology},
  year =	 2012,
  volume =	 25,
  pages =	 {497--508},
  doi =		 {10.1111/j.1420-9101.2011.02440.x}
}

@Article{Rojas-2012,
  author =	 {D Rojas and {\'A} Vale and V Ferrero and L Navarro},
  title =	 {The role of frugivory in the diversification of bats
                  in the {Neotropics}},
  journal =	 {Journal of Biogeography},
  year =	 2012,
  volume =	 {\textit{in press}},
  doi =		 {10.1111/j.1365-2699.2012.02709.x}
}

@Article{Ross-2012,
  author =	 {Laura Ross and Nate B Hardy and Akiko Okusu and
                  Benjamin B Normark},
  title =	 {Large population size predicts the distribution of
                  asexuality in scale insects},
  journal =	 {Evolution},
  year =	 2012,
  volume =	 {\textit{in press}},
  doi =		 {10.1111/j.1558-5646.2012.01784.x}
}

@Article{Scott-2012,
  author =	 {J E Scott and J B Lack and M J Rabosa},
  title =	 {On the reversibility of mandibular symphyseal
                  fusion},
  journal =	 {Evolution},
  year =	 2012,
  volume =	 {\textit{in press}},
  doi =		 {10.1111/j.1558-5646.2012.01639.x}
}

@Article{Syme-2012,
  author =	 {A E Syme and T H Oakley},
  title =	 {Dispersal between Shallow and Abyssal Seas and
                  Evolutionary Loss and Regain of Compound Eyes in
                  Cylindroleberidid Ostracods: Conflicting Conclusions
                  from Different Comparative Methods},
  journal =	 {Systematic Biology},
  year =	 2012,
  volume =	 61,
  pages =	 {314--336},
  doi =		 {10.1093/sysbio/syr085}
}

@Article{Valente-2012-83,
  author =	 {L M Valente and J C Manning and P Goldblatt and P
                  Vargas},
  title =	 {Did Pollination Shifts Drive Diversification in
                  Southern {African} \textit{Gladiolus}? {Evaluating}
                  the Model of Pollinator-Driven Speciation},
  journal =	 {The American Naturalist},
  year =	 2012,
  volume =	 180,
  number =	 1,
  pages =	 {83--98},
  doi =		 {10.1086/666003}
}

@Article{Weber-2012,
  author =	 {M G Weber and K H Keeler},
  title =	 {The phylogenetic distribution of extrafloral
                  nectaries in plants},
  journal =	 {Annals of Botany},
  year =	 2012,
  volume =	 {\textit{in press}},
  doi =		 {10.1093/aob/mcs225}
}

@Article{Weir-2012,
  author =	 {J T Weir and S Mursleen},
  title =	 {Diversity-dependent cladogenesis and trait evolution
                  in the adaptive radiation of the auks (Aves:
                  Alcidae)},
  journal =	 {Evolution},
  year =	 2012,
  volume =	 {\textit{in press}},
  doi =		 {10.1111/j.1558-5646.2012.01786.x}
}

@Article{Winger-2012-610,
  author =	 {B M Winger and I J Lovette and D W Winkler},
  title =	 {Ancestry and evolution of seasonal migration in the
                  {Parulidae}},
  journal =	 {Proceedings of the Royal Society of London, Series B
                  Biological Sciences},
  year =	 2012,
  volume =	 279,
  pages =	 {610--618},
  doi =		 {10.1098/rspb.2011.1045}
}

@Article{Zimkus-2012-e35118,
  author =	 {Breda M Zimkus and Lucinda Lawson and Simon P Loader
                  and James Hanken},
  title =	 {Terrestrialization, Miniaturization and Rates of
                  Diversification in African Puddle Frogs ({Anura:
                  Phrynobatrachidae}) },
  journal =	 {PloS ONE},
  year =	 2012,
  volume =	 7,
  pages =	 {e35118},
  doi =		 {10.1371/journal.pone.0035118}
}

%%%% 2013
@Article{Beaulieu-2013,
  author =	 {J M Beaulieu and M J Donoghue},
  title =	 {Fruit evolution and diversification in campanulid
                  angiosperms},
  journal =	 {Evolution},
  year =	 2013,
  volume =	 {\textit{in press}},
  doi =		 {10.1111/evo.12180}
}

@Article{Blanco-Pastor-2013,
  author =	 {J L Blanco-Pastor and P Vargas},
  title =	 {Autecological traits determined two evolutionary
                  strategies in {Mediterranean} plants during the
                  {Quaternary}: low differentiation and range
                  expansion versus geographical speciation in
                  \textit{Linaria}},
  journal =	 {Molecular Ecology},
  year =	 2013,
  volume =	 {\textit{in press}},
  doi =		 {10.1111/mec.12518}
}

@Article{Bloom-2013,
  author =	 {D D Bloom and J T Wier and K R Piller and N R
                  Lovejoy},
  title =	 {Do freshwater fishes diversify faster than marine
                  fishes?  A test using state-dependent
                  diversification analyses and molecular phylogenetics
                  of new world silversides ({Atherinopsidae})},
  journal =	 {Evolution},
  year =	 2013,
  volume =	 {\textit{in press}},
  doi =		 {10.1111/evo.12074}
}

@Article{Buerki-2013,
  author =	 {S Buerki and J C Manning and F Forest},
  title =	 {Spatio-temporal history of the disjunct family
                  {Tecophilaeaceae}: a tale involving the colonization
                  of three {Mediterranean}-type ecosystems},
  journal =	 {Annals of Botany},
  year =	 2013,
  volume =	 {\textit{in press}},
  doi =		 {10.1093/aob/mcs286}
}

@Article{Cardillo-2013,
  author =	 {M Cardillo and R Pratt},
  title =	 {Evolution of a hotspot genus: geographic variation
                  in speciation and extinction rates in
                  \textit{Banksia} (Proteaceae) },
  journal =	 {BMC Evolutionary Biology},
  year =	 2013,
  volume =	 13,
  pages =	 155,
  doi =		 {10.1186/1471-2148-13-155}
}

@Article{Fernandez-Mazuecos-2013,
  author =	 {M Fern{\'a}ndez-Mazuecos and J L Blanco-Pastor and J
                  M G{\'o}mez and P Vargas},
  title =	 {Corolla morphology influences diversification rates
                  in bifid toadflaxes (\textit{Linaria}
                  sect. \textit{Versicolores})},
  journal =	 {Annals of Botany},
  year =	 2013,
  volume =	 {\textit{in press}},
  doi =		 {10.1093/aob/mct214}
}

@Article{Forest-2013,
  author =	 {F Forest and P Goldblatt and J C Maning and D Baker
                  and J F Colville and D S Devey and S Jose and M KAye
                  and S Buerki},
  title =	 {Pollinator shifts as triggers of speciation in
                  painted petal irises (\textit{Lapeirousia}:
                  {Iridaceae})},
  journal =	 {Annals of Botany},
  year =	 2013,
  volume =	 {\textit{in press}},
  doi =		 {10.1093/aob/mct248}
}

@Article{Garcia-Porta-2013,
  author =	 {J Garcia-Porta and T J Ord},
  title =	 {Key innovations and island colonization as engines
                  of evolutionary diversiÔ¨Åcation: a comparative test
                  with the Australasian diplodactyloid geckos},
  journal =	 {Journal of Evolutionary Biology},
  year =	 2013,
  volume =	 {\textit{in press}},
  doi =		 {10.1111/jeb.12261}
}

@Article{Hutter-2012,
  author =	 {C R Hutter and J M Guayasamin and J J Wiens},
  title =	 {Explaining Andean megadiversity: the evolutionary
                  and ecological causes of glassfrog elevational
                  richness patterns},
  journal =	 {Ecology Letters},
  year =	 2013,
  volume =	 {\textit{in press}},
  doi =		 {10.1111/ele.12148}
}

@Article{Igic-2013,
  author =	 {B Igi{\'c} and J W Busch},
  title =	 {Is self-fertilization an evolutionary dead end?},
  journal =	 {New Phytologist},
  year =	 2013,
  volume =	 {\textit{in press}},
  doi =		 {10.1111/nph.12182}
}

@Article{Klimov-2013,
  author =	 {P B Klimov and B O'Connor},
  title =	 {Is Permanent Parasitism Reversible? - Critical
                  Evidence from Early Evolution of House Dust Mites},
  journal =	 {Systematic Biology},
  year =	 2013,
  volume =	 {\textit{in press}},
  doi =		 {10.1093/sysbio/syt008}
}

@Article{Lambert-2013,
  author =	 {S M Lambert and J J Wiens},
  title =	 {Evolution of viviparity: a phylogenetic test of the
                  cold-climate hypothesis in phrynosomatid lizards},
  journal =	 {Evolution},
  year =	 2013,
  volume =	 {\textit{in press}},
  doi =		 {10.1111/evo.12130}
}

@Article{Lancaster-2013,
  author =	 {L T Lancaster and K M Kay},
  title =	 {Origin and diversification of the {California}
                  flora: re-examining classic hypotheses with
                  molecular phylogenies},
  journal =	 {Evolution},
  year =	 2013,
  volume =	 {\textit{in press}},
  doi =		 {10.1111/evo.12016}
}

@Article{Litsios-2013,
  author =	 {G Litsios and E O W{\"u}est and Anna Kostikova and
                  F{\'e}lix Fores and Christian Lexer and H P Linder
                  and P B Pearman and N E Zimmerman and N Salamin},
  title =	 {Effects of a fire response trait on diversification
                  in replicated radiations},
  journal =	 {Evolution},
  year =	 2013,
  volume =	 {\textit{in press}},
  doi =		 {10.1111/evo.12273}
}

@Article{Lorion-2013,
  author =	 {J Lorion and S Kiel and B Faure and M Kawato and S Y
                  W Ho and B Marshall and S Tsuchida and J-I Miyazaki
                  and Y Fujiwara},
  title =	 {Adaptive radiation of chemosymbiotic deep-sea
                  mussels},
  journal =	 {Proceedings of the Royal Society of London, Series B
                  Biological Sciences},
  year =	 2013,
  volume =	 {\textit{in press}},
  doi =		 {10.1098/rspb.2013.1243}
}

@Article{Leslie-2013,
  author =	 {A B Leslie and J M Beaulieu and P R Crane and M J
                  Donoghue},
  title =	 {Explaining the distribution of breeding and
                  dispersal syndromes in conifers},
  journal =	 {Proceedings of the Royal Society of London, Series B
                  Biological Sciences},
  year =	 2013,
  volume =	 280,
  pages =	 20131812,
  doi =		 {10.1098/rspb.2013.1812}
}

@Article{Machac-2013,
  author =	 {A Machac and D Storch and J J Wiens},
  title =	 {Ecological causes of decelerating diversification in
                  carnivoran mammals},
  journal =	 {Evolution},
  year =	 2013,
  volume =	 {\textit{in press}},
  doi =		 {10.1111/evo.12126}
}

@Article{Maliska-2013,
  author =	 {Max E. Maliska and Matthew W. Pennell and Billie
                  J. Swalla},
  title =	 {Developmental mode influences diversification in
                  ascidians},
  journal =	 {Proceedings of the Royal Society B},
  year =	 2013,
  volume =	 {9},
  doi =		 {10.1098/rsbl.2013.0068}
}

@Article{Maia-2013,
  author =	 {R Maia and D R Rubenstein and M D Shawkey},
  title =	 {Key ornamental innovations facilitate
                  diversification in an avian radiation},
  journal =	 {Proceedings of the National Acadamy of Sciences,
                  USA},
  year =	 2013,
  volume =	 {\textit{in press}},
  doi =		 {10.1073/pnas.1220784110}
}

@Article{Poon-2013,
  author =	 {A F Y Poon and L W Walker and H Murray and R M
                  McCloskey and P R Harrigan and R H Liang},
  title =	 {Mapping the Shapes of Phylogenetic Trees from Human
                  and Zoonotic RNA Viruses},
  journal =	 {PLOS One},
  year =	 2013,
  volume =	 8,
  pages =	 {e78122},
  doi =		 {10.1371/journal.pone.0078122}
}

@Article{Pyron-2013,
  author =	 {R A Pyron and F T Burbrink},
  title =	 {Early origin of viviparity and multiple reversions
                  to oviparity in squamate reptiles},
  journal =	 {Ecology Letters},
  year =	 2013,
  volume =	 {\textit{in press}},
  doi =		 {10.1111/ele.12168}
}

@Article{Sachs-2013,
  author =	 {J L Sachs and R G Skophammer and N Bansal and J E
                  Stajich},
  title =	 {Evolutionary origins and diversification of
                  proteobacterial mutualists},
  journal =	 {Proceedings of the Royal Society of London, Series B
                  Biological Sciences},
  year =	 2013,
  volume =	 {\textit{in press}},
  doi =		 {10.1098/rspb.2013.2146}
}

@Article{Santini-2013,
  author =	 {F Santini and M T T Nguyen and L Sorenson and T B
                  Waltzek and J W {Lynch Alfaro} and J M Eastman and M
                  E Alfaro},
  title =	 {Do habitat shifts drive diversification in teleost
                  fishes? An example from the pufferfishes
                  ({Tetraodontidae})},
  journal =	 {Journal of Evolutionary Biology},
  year =	 2013,
  volume =	 {\textit{in press}},
  doi =		 {10.1111/jeb.12112}
}

@Article{Soltis-2013,
  author =	 {D E Soltis and M E Mort and M Latvis and E V
                  Mavrodiev and B C O'Meara and P S Soltis and J C
                  Burleigh and R {Rubio de Casas}},
  title =	 {Phylogenetic relationships and character evolution
                  analysis of {Saxifragales} using a supermatrix
                  approach},
  journal =	 {American Journal of Botany},
  year =	 2013,
  volume =	 {\textit{in press}},
  doi =		 {10.3732/ajb.1300044}
}

@Article{Svensson-2013,
  author =	 {E I Svensson and J T Waller},
  title =	 {Ecology and Sexual Selection: Evolution of Wing
                  Pigmentation in Calopterygid Damselflies in Relation
                  to Latitude, Sexual Dimorphism, and Speciation },
  journal =	 {The American Naturalist},
  year =	 2013,
  volume =	 {\textit{in press}},
  doi =		 {10.1086/673206}
}

@Article{Verdu-2013,
  author =	 {M Verd{\'u} and J G Pasusas},
  title =	 {Syndrome-driven diversification in a {Mediterranean}
                  ecosystem},
  journal =	 {Evolution},
  year =	 2013,
  volume =	 {\textit{in press}},
  doi =		 {10.1111/evo.12049}
}

@Article{Wiens-2013,
  author =	 {JJ Wiens and K H Kozak and N Silva},
  title =	 {Diversity and niche evolution along aridity
                  gradients in {North American} Lizards
                  ({Phtynosomatidae})},
  journal =	 {Evolution},
  year =	 2013,
  volume =	 {\textit{in press}},
  doi =		 {10.1111/evo.12053}
}

%%%% 2014:
@Article{DeVos-2014,
  author =	 {J M De~Vos and R O W{\"u}est and E Conti},
  title =	 {small and ugly? Phylogenetic analyses of the
                  "selfing syndrome" reveal complex evolutionary fates
                  of monomorphic primrose flowers},
  journal =	 {Evolution},
  year =	 2014,
  volume =	 {\textit{in press}},
  doi =		 {10.1111/evo.12331}
}

@Article{Lopez-Cantalapiedra-2014,
  author =	 {J L Cantalapiedra and R G FitzJohn and T S Kuhn and
                  M Hern{\'a}ndez Fern{\'a}ndez D Demiguel and B
                  Azanza and J Morales and A \O Mooers},
  title =	 {Dietary innovations spurred the diversification of
                  ruminants during the Caenozoic},
  journal =	 {Proceedings of the Royal Society of London, Series B
                  Biological Sciences},
  year =	 2014,
  volume =	 {\textit{in press}},
  doi =		 {10.1098/rspb.2013.2746}
}

@Article{Macqueen-2014,
  author =	 {D J Macqueen and I A Johnston},
  title =	 {A well-constrained estimate for the timing of the
                  salmonid whole genome duplication reveals major
                  decoupling from species diversification},
  journal =	 {Proceedings of the Royal Society of London, Series B
                  Biological Sciences},
  year =	 2014,
  volume =	 281,
  pages =	 20132881,
  doi =		 {10.1098/rspb.2013.2881}
}

@Article{Ogutcen-2014,
  author =	 {E Ohutcen and B Hamper and J C Vamosi},
  title =	 {Diversification in Monkeyflowers: An Investigation
                  of the Effects of Elevation and Floral Color in the
                  Genus \textit{Mimulus}},
  journal =	 {International Journal of Evolutionary Biology},
  year =	 2014,
  volume =	 2014,
  pages =	 382453,
  doi =		 {10.1155/2014/382453}
}

@Article{Price-2014,
  author =	 {S L Price and S Powell and D J C Kronauer and L A P
                  Tran and N E Pierce and R K Wayne},
  title =	 {Renewed diversification is associated with new
                  ecological opportunity in the {Neotropical} turtle
                  ants},
  journal =	 {Journal of Evolutionary Biology},
  year =	 2014,
  volume =	 {\textit{in press}},
  doi =		 {10.1111/jeb.12300}
}

@Article{Rolland-2014,
  author =	 {J Rolland and F L Condamine and F Jiguet and H
                  Morlon},
  title =	 {Faster Speciation and Reduced Extinction in the
                  Tropics Contribute to the Mammalian Latitudinal
                  Diversity Gradient},
  journal =	 {PLOS Biology},
  year =	 2014,
  volume =	 12,
  pages =	 {e1001775},
  doi =		 {10.1371/journal.pbio.1001775}
}

@Article{Sachs-2014,
  author =	 {J L Sachs and R G Skophammer and N Bansal and J E
                  Stajich},
  title =	 {Evolutionary origins and diversification of
                  proteobacterial mutualists},
  journal =	 {Proceedings of the Royal Society of London, Series B
                  Biological Sciences},
  year =	 2014,
  volume =	 {\textit{in press}},
  doi =		 {10.1098/rspb.2013.2146}
}

@Article{Zhan-2014,
  author =	 {S H Zhan and L Glick and C S Tsigenopoulos and S P
                  Otto and I Mayrose},
  title =	 {Comparative analysis reveals that polyploidy does
                  not decelerate diversification in fish},
  journal =	 {Journal of Evolutionary Biology},
  year =	 2014,
  volume =	 {\textit{in press}},
  doi =		 {10.1111/jeb.12308}
}

