@Article{Felsenstein-1985-1,
  author =	 {J Felsenstein},
  title =	 {Phylogenies and the comparative method},
  journal =	 {The American Naturalist},
  year =	 1985,
  volume =	 125,
  pages =	 {1--15},
}

@Article{Maddison-2007-701,
  author =	 {W P Maddison and P E Midford and S P Otto},
  title =	 {Estimating a binary character's effect on speciation
                  and extinction},
  journal =	 {Systematic Biology},
  year =	 2007,
  volume =	 56,
  number =	 5,
  pages =	 {701--710},
  doi =		 {10.1080/10635150701607033},
}

@Article{Pagel-1994-37,
  author =	 {M Pagel},
  title =	 {Detecting correlated evolution on phylogenies: a
                  general method for the comparative analysis of
                  discrete characters},
  journal =	 {Proceedings of the Royal Society of London Series B},
  year =	 1994,
  volume =	 255,
  pages =	 {37--45},
}

@Article{Read-1995-99,
  author =	 {A F Read and S Nee},
  title =	 {Inference from binary comparative data},
  journal =	 {Journal of Theoretical Biology},
  year =	 1995,
  volume =	 173,
  pages =	 {99--108},
  doi =		 {10.1006/jtbi.1995.0047},
}
