@Article{Alfaro-2009-13410,
  author =	 {Michael E Alfaro and Francesco Santini and Chad
                  Brock and Hugo Alamillo and Alex Dornburg and Daniel
                  L Rabosky and Giorgio Carnevale and Luke J Harmon},
  journal =	 {Proceedings of the National Acadamy of Sciences,
                  USA},
  title =	 {Nine exceptional radiations plus high turnover
                  explain species diversity in jawed vertebrates},
  number =	 32,
  pages =	 {13410--13414},
  volume =	 106,
  year =	 2009,
}

@Book{Allen-2003,
  author =	 {L J S Allen},
  title =	 {An Introduction to Stochastic Processes with
                  Applications to Biology},
  publisher =	 {Pearson Prentice Hall},
  year =	 2003,
  address =	 {Upper Saddle River, N.J.}
}

@Article{Allen-2006-947,
  author =	 {A P Allen and J F Gillooly},
  title =	 {Assessing latitudinal gradients in speciation rates
                  and biodiversity at the global scale },
  journal =	 {Ecology Letters},
  year =	 2006,
  volume =	 9,
  pages =	 {947--954}
}

@Article{Alroy-1996-285,
  author =	 {J Alroy},
  title =	 {Constant extinction, constrained diversification,
                  and uncoordinated stasis in {North American}
                  mammals},
  journal =	 {Palaeogeography, Palaeoclimatology and
                  Palaeoecology},
  year =	 1996,
  volume =	 127,
  pages =	 {285--311}
}

@Article{Alroy-1998-731,
  author =	 {J Alroy},
  title =	 {Cope's rule and the dynamics of body mass evolution
                  in {North American} fossil mammals},
  journal =	 {Science},
  year =	 1988,
  volume =	 280,
  pages =	 {731--734},
  doi =		 {10.1126/science.280.5364.731},
}

@Article{Alroy-2000-1023,
  author =	 {J Alroy},
  title =	 {Successive approximations of diversity curves: ten
                  more years in the library},
  journal =	 {Geology},
  year =	 2000,
  volume =	 28,
  pages =	 {1023--1026}
}

@Article{Alroy-2008-11536,
  author =	 {J Alroy},
  title =	 {Dynamics of origination and extinction in the marine
                  fossil record},
  journal =	 {Proceedings of the National Acadamy of Sciences,
                  USA},
  year =	 2008,
  volume =	 105,
  pages =	 {11536--11542}
}

@Article{Alroy-2008-97,
  author =	 {J Alroy and M Aberhan and D J Bottjer and M Foote
                  and F T F\"ursich and P J Harries and A J W Hendy
                  and S M Holland and L C Ivany and W Kiessling and M
                  A Kosnik and C R Marshall and A J McGowan and A I
                  Miller and T D Olszewski and M E Patzkowsky and S E
                  Peters and L Villier and P J Wagner and N Bonuso and
                  P S Borkow and B Brenneis and M E Clapham and L M
                  Fall and C A Ferguson and V L Hanson and A Z Krug
                  and K M Layou and E H Leckey and S N\"urnberg and C
                  M Powers and J A Sessa and C Simpson and A
                  Tomasovych and C C Visaggi},
  title =	 {Phanerozoic trends in the global diversity of marine
                  invertebrates},
  journal =	 {Science},
  year =	 2008,
  volume =	 321,
  pages =	 {97--100}
}

@InProceedings{Alroy-2009-301,
  author =	 {J Alroy},
  title =	 {Speciation and extinction in the fossil record of
                  {North American} mammals},
  booktitle =	 {Speciation and Patterns of Diversity},
  pages =	 {301--323},
  year =	 2009,
  editor =	 {R Butlin and J Bridle and D Schluter},
  publisher =	 {Cambridge University Press}
}

@Article{Anacker-2010-365,
  author =	 {B L Anacker and J B Whittall and E E Goldberg and S
                  P Harrison},
  title =	 {Origins and consequences of serpentine endemism in
                  the {California} flora},
  journal =	 {Evolution},
  year =	 2010,
  volume =	 65,
  pages =	 {365--376}
}

@Article{BEAST,
  author =	 {A J Drummond and A Rambaut},
  title =	 {{BEAST}: {Bayesian} evolutionary analysis by
                  sampling trees},
  journal =	 {BMC Evolutionary Biology},
  year =	 2007,
  volume =	 7,
  pages =	 214
}

@Article{Barraclough-1995-211,
  author =	 {T G Barraclough and P H Harvey and S Nee},
  title =	 {Sexual selection and taxonomic diversity in
                  passerine birds},
  journal =	 {Proceedings of the Royal Society of London Series B},
  year =	 1995,
  volume =	 259,
  pages =	 {211--215},
}

@Article{Barraclough-1998-751,
  author =	 {T G Barraclough and S Nee and P H Harvey},
  title =	 {Sister-group analysis in identifying correlates of
                  diversification},
  journal =	 {Evolutionary Ecology},
  year =	 1998,
  volume =	 12,
  pages =	 {751--754},
}

@Article{Benton-1995-52,
  author =	 {M J Benton},
  title =	 {Diversification and extinction in the fossil record},
  journal =	 {Science},
  year =	 1995,
  volume =	 268,
  pages =	 {52--58}
}

@Article{Benton-1997-490,
  author =	 {M J Benton},
  title =	 {Models for the diversification of life},
  journal =	 {Trends in Ecology and Evolution},
  year =	 1997,
  volume =	 12,
  number =	 12,
  pages =	 {490--495}
}

@Article{Bininda-Emonds-2007-507,
  author =	 {Olaf R P Bininda-Emonds and Marcel Cardillo and Kate
                  E Jones and Ross D E MacPhee and Robin M D Beck and
                  Richard Grenyer and Samantha A Price and Rutger A
                  Vos and John L Gittleman and Andy Purvis},
  title =	 {The delayed rise of present-day mammals},
  journal =	 {Nature},
  year =	 2007,
  volume =	 446,
  pages =	 {507--512},
  doi =		 {10.1038/nature05634},
}

@Article{Bjorklund-1990-171,
  author =	 {M Bj{\"o}rklund},
  title =	 {A phylogenetic interpretation of sexual dimprphism
                  in body size and ornament in relation to mating
                  system in birds},
  journal =	 {Journal of Evolutionary Biology},
  year =	 1990,
  volume =	 3,
  pages =	 {171--183}
}

@Article{Bloch-1998-804,
  author =	 {J I Bloch and K D Rose and P D Gingerich},
  title =	 {New species of \textit{Batodonoides} ({Lipotyphla},
                  {Geolabididae}) from the early {Eocene} of
                  {Wyoming}: smallest known mammal?  },
  journal =	 {Journal of Mammalogy},
  year =	 1988,
  volume =	 79,
  number =	 3,
  pages =	 {804--827}
}

@Article{Bokma-2008,
  author =	 {F Bokma},
  title =	 {{Bayesian} estimation of speciation and extinction
                  probabilities from (in)complete phylogenies},
  journal =	 {Evolution},
  year =	 2008,
  volume =	 69,
  pages =	 {2441--2445},
  doi =		 {10.1111/j.1558-5646.2008.00455.x},
}

@Article{Bokma-2008-2718,
  author =	 {F Bokma},
  title =	 {Detection of ``punctuated equilibrium'' by
                  {Bayesian} estimation of speciation and extinction
                  rates, ancestral character states, and rates of
                  anagenetic and cladogenetic evolution on a molecular
                  phylogeny},
  journal =	 {Evolution},
  year =	 2008,
  volume =	 62,
  number =	 11,
  pages =	 {2718--2726}
}

@Article{Bokma-2009-993,
  author =	 {F Bokma},
  title =	 {Problems detecting density-dependent diversification
                  on phylogenies},
  journal =	 {Proceedings of the Royal Society of London Series B},
  year =	 2009,
  volume =	 276,
  pages =	 {993-994}
}

@Article{Bokma-2010-602,
  author =	 {F Bokma},
  title =	 {Time, species, and separating their effects on trait
                  variance in clades},
  journal =	 {Systmatic Biology},
  year =	 2010,
  volume =	 59,
  pages =	 {602--607}
}

@Article{Bollback-2006-88,
  author =	 {J P Bollback},
  title =	 {SIMMAP: Stochastic character mapping of discrete
                  traits on phylogenies},
  journal =	 {BMC Bioinformatics},
  year =	 2006,
  volume =	 7,
  pages =	 88
}

@Article{Brock-2011-410,
  author =	 {C D Brock and L J Harmon and M E Alfaro},
  title =	 {Testing for Temporal Variation in Diversification
                  Rates When Sampling is Incomplete and Nonrandom},
  journal =	 {Systematic Biology},
  year =	 2011,
  volume =	 60,
  number =	 4,
  pages =	 {410--419}
}

@Article{Brown-1989-1145,
  author =	 {J H Brown and B A Maurer},
  title =	 {Macroecology: the division of food and space among
                  species on continents},
  journal =	 {Science},
  year =	 1989,
  volume =	 243,
  pages =	 {1145--1150}
}

@Article{Brown-2008-6,
  author =	 {J W Brown and J S Rest and J Garc{\'i}a-moreno and M
                  D Sorenson and D P Mindell},
  title =	 {Strong mitochondrial {DNA} support for a
                  {Cretaceous} origin of modern avian lineages},
  journal =	 {BMC Biology},
  year =	 2008,
  volume =	 6,
  pages =	 6
}

@Article{Burbrink-2011-1851,
  author =	 {F T Burbrink and R A Pyron},
  title =	 {The impact of gene-tree/species-tree discordance on
                  diversification-rate estimation},
  journal =	 {Evolution},
  year =	 2011,
  volume =	 65,
  pages =	 {1851--1861}
}

@Article{Burbrink-2012-465,
  author =	 {F T Burbrink and S Ruane and R A Pyron},
  title =	 {When are adaptive radiations replicated in areas?
                  Ecological opportunity and unexceptional
                  diversification in {West Indian} dipsadine snakes
                  ({Colubridae: Alsophiini}) },
  journal =	 {Journal of Biogeography},
  year =	 2012,
  volume =	 39,
  pages =	 {465--475}
}

@Article{CODA,
  title =	 {CODA: Convergence Diagnosis and Output Analysis for
                  MCMC},
  author =	 {Martyn Plummer and Nicky Best and Kate Cowles and
                  Karen Vines},
  journal =	 {R News},
  year =	 2006,
  volume =	 6,
  number =	 1,
  pages =	 {7--11},
  url =		 {http://CRAN.R-project.org/doc/Rnews/},
}

@Article{Cardillo-1999-1221,
  author =	 {M Cardillo},
  title =	 {Latitude and rates of diversification in birds and
                  butterflies},
  journal =	 {Proceedings of the Royal Society of London Series B},
  year =	 1999,
  volume =	 266,
  pages =	 {1221--1225}
}

@Article{Cardillo-2005-1239,
  author =	 {M Cardillo and G M Mace and K E Jones and J Bielby
                  and O R P Bininda-Emonds and W Sechrest and C D L
                  Orme and A Purvis},
  title =	 {Multiple causes of high extinction risk in large
                  mammals},
  journal =	 {Science},
  year =	 2005,
  volume =	 309,
  pages =	 {1239--1241},
  doi =		 {10.1126/science.1116030},
}

@Article{Cardillo-2005-2278,
  author =	 {M Cardillo and C D L Orme and I P F Owens},
  title =	 {Testing for latitudinal bias in diversification
                  rates: an example using new world birds},
  journal =	 {Ecology},
  year =	 2005,
  volume =	 86,
  number =	 9,
  pages =	 {2278--2287}
}

@Article{Chan-2005-1709,
  author =	 {K M A Chan and B R Moore},
  title =	 {{SYMMETREE}: whole-tree analysis of differential
                  diversification rates},
  journal =	 {Bioinformatics},
  year =	 2005,
  volume =	 21,
  pages =	 {1709--1710}
}

@InBook{Churchill-2000-117,
  author =	 {G A Churchill},
  title =	 {Inferring ancestral character states},
  chapter =	 6,
  publisher =	 {Kluwer Academic},
  year =	 2000,
  volume =	 32,
  series =	 {Evolutionary Biology},
  address =	 {New York},
  pages =	 {117--134},
}

@Article{Claramunt-2012,
  author =	 {S Claramunt and E P Derryberry and J V Remsen
                  Jr. and R T Brunfield},
  title =	 {High dispersal ability inhibits speciation in a
                  continental radiation of passerine birds},
  journal =	 {Proceedings of the Royal Society of London Series B},
  year =	 2012,
  volume =	 {in press}
}

@Article{Clauset-2008-399,
  author =	 {A Clauset and D H Erwin},
  title =	 {The evolution and distribution of species body size},
  journal =	 {Science},
  year =	 2008,
  volume =	 321,
  pages =	 {399--401},
  doi =		 {10.1126/science.1157534},
}

@Article{Clauset-2009-ip,
  author =	 {A Clauset and D J Schwab and S Redner},
  title =	 {How many species have mass {$M$}?},
  journal =	 {The American Naturalist},
  year =	 2009,
  volume =	 173,
  number =	 2,
  pages =	 {256--263},
  doi =		 {10.1086/595760},
}

@Article{Clauset-2009-ip2,
  author =	 {A Clauset and S Redner},
  title =	 {Evolutionary model of species body mass
                  diversification},
  journal =	 {Physical Review Letters},
  year =	 2009,
  volume =	 102,
  pages =	 {1--4}
}

@Book{Cope-1887,
  author =	 {E Cope},
  title =	 {The origin of the fittest},
  publisher =	 {Appleton},
  year =	 1887,
  address =	 {New York}
}

@Book{Coyne-Orr,
  author =	 {J A Coyne and H A Orr},
  title =	 {Speciation},
  publisher =	 {Sinauer Associates},
  year =	 2004,
  address =	 {Massachusetts}
}

@Article{Crisp-2005-122,
  author =	 {M D Crisp and L G Cook},
  title =	 {Do early branching lineages signify ancestral
                  traits?},
  journal =	 {Trends in Ecology and Evolution},
  year =	 2005,
  volume =	 20,
  number =	 3,
  pages =	 {122--128},
  doi =		 {10.1016/j.tree.2004.11.010},
}

@Article{Cusimano-2010-458,
  author =	 {N Cusimano and S S Renner},
  title =	 {Slowdowns in diversification rates from real
                  phylogenies may not be real},
  journal =	 {Systematic Biology},
  year =	 2010,
  volume =	 59,
  pages =	 {458--464}
}

@Article{Cusimano-2012,
  author =	 {N Cusimano and T Stadler and S S Renner},
  title =	 {A new method for handling missing species in
                  diversification analysis applicable to randomly or
                  non-randomly sampled phylogenies},
  journal =	 {Systematic Biology},
  year =	 2012,
  volume =	 {in press},
}

@Book{Darwin-1871,
  author =	 {C Darwin},
  title =	 {The Descent of Man, and Selection in Relation to
                  Sex},
  publisher =	 {Murray},
  year =	 1871,
  address =	 {London}
}

@Article{Davies-2004-1904,
  author =	 {T J Davies and T G Barraclough and M W Chase and P S
                  Soltis and D E Soltis},
  title =	 {Darwin's abominable mystery: insights from a
                  supertree of the angiosperms},
  journal =	 {Proceedings of the National Acadamy of Sciences,
                  USA},
  year =	 2004,
  volume =	 101,
  pages =	 {1904--1909}
}

@Manual{Diverse,
  title =	 {\textsc{Diverse} package for \textsc{Mesquite}.
                  Version 2.5.
                  \texttt{http://www.mesquiteproject.org}},
  author =	 {P E Midford and W P Maddison},
  year =	 2008
}

@Article{Eastman-2011-3578,
  author =	 {J M Eastman and M E Alfaro and P Joyce and A L Hipp
                  and L J Harmon},
  title =	 {A novel comparative method for identifying shifts in
                  the rate of character evolution on trees },
  journal =	 {Evolution},
  year =	 2011,
  volume =	 65,
  pages =	 {3578--3589}
}

@Article{Eble-1999-223,
  author =	 {G J Eble},
  title =	 {Originations: land and sea compared},
  journal =	 {Geobios},
  year =	 1999,
  volume =	 2,
  number =	 {223--234}
}

@InCollection{Eldredge-1972-82,
  author =	 {N Eldredge and S J Gould},
  title =	 {Punctuated Equilibria: an alternative to phyletic
                  gradualism},
  booktitle =	 {Models in Paleobiology},
  pages =	 {82--115},
  publisher =	 {Freeman, Cooper and Company, San Francisco},
  year =	 1972,
  editor =	 {T J M Schopf}
}

@Article{Eppley-2008-727,
  author =	 {S M Eppley and L K Jesson},
  title =	 {Moving to mate: the evolution of separate and
                  combined sexes in multicellular organisms },
  journal =	 {Journal of Evolutionary Biology},
  year =	 2008,
  volume =	 21,
  pages =	 {727--736},
  doi =		 {10.1111/j.1420-9101.2008.01524.x},

}

@Article{Etienne-2012-170,
  author =	 {R S Etienne and S N de Visser and T Janzen and J L
                  Olsen and H Olff and J Rosindell},
  title =	 {Can clade age alone explain the relationship between
                  body size and diversity?},
  journal =	 {Interface Focus},
  year =	 2012,
  volume =	 2,
  pages =	 {170--179}
}

@Article{Etienne-2012-204,
  author =	 {R S Etienne and J Rosindell},
  title =	 {Prolonging the past counteracts the pull of the
                  present: protracted speciation can explain observed
                  slowdowns in diversification},
  journal =	 {Systematic Biology},
  year =	 2012,
  volume =	 61,
  doi =		 {10.1093/sysbio/syr091},
  pages =	 {204--213}
}

@Article{Etienne-2012-proc,
  author =	 {R S Etienne and B Haegeman and T Stadler and T Aze
                  and P Pearson and A Purvis and A B Phillimore},
  title =	 {Diversity-dependence brings molecular phylogenies
                  closer to agreement with the fossil record},
  journal =	 {Proceedings of the Royal Society of London Series B},
  year =	 2012,
  doi =		 {doi:10.1098/rspb.2011.1439},
  volume =	 {in press}
}

@Article{Ezard-2011-349,
  author =	 {T H G Ezard and T Aze and P N Pearson and A Purvis},
  title =	 {Interplay Between Changing Climate and Species'
                  Ecology Drives Macroevolutionary Dynamics},
  journal =	 {Science},
  year =	 2011,
  volume =	 332,
  pages =	 {349--351}
}

@Article{Ezard-2012-139,
  author =	 {T Ezard and P Pearson and T Aze and A Purvis},
  title =	 {The meaning of birth and death (in macroevolutionary
                  birth-death models)},
  journal =	 {Biology Letters},
  year =	 2012,
  volume =	 8,
  pages =	 {139--142}
}

@Article{Farrell-1998-555,
  author =	 {B D Farrell},
  title =	 {{``Inordinate fondness''} explained: why are there
                  so many beetles?},
  journal =	 {Science},
  year =	 1998,
  volume =	 281,
  pages =	 {555--559}
}

@Article{Felsenstein-1981-368,
  author =	 {J Felsenstein},
  title =	 {Evolutionary trees from {DNA} sequences: a maximum
                  likelihood approach},
  journal =	 {Journal of Molecular Evolution},
  year =	 1981,
  volume =	 17,
  number =	 6,
  pages =	 {368--376}
}

@Article{Felsenstein-1985-1,
  author =	 {J Felsenstein},
  title =	 {Phylogenies and the comparative method},
  journal =	 {The American Naturalist},
  year =	 1985,
  volume =	 1,
  pages =	 {1--15},
}

@Article{Felsenstein-1988-445,
  author =	 {J Felsenstein},
  title =	 {Phylogenies and quantitative characters},
  journal =	 {Annual Review of Ecology and Systematics},
  year =	 1988,
  volume =	 19,
  pages =	 {445--471},
  doi =		 {10.1146/annurev.es.19.110188.002305},
}

@Article{Felsenstein-2001-465,
  author =	 {J Felsenstein},
  title =	 {The troubled growth of statistical phylogenetics},
  journal =	 {Systematic Biology},
  year =	 2001,
  volume =	 50,
  number =	 4,
  pages =	 {465--467}
}

@InProceedings{Felsenstein-2002,
  author =	 {J Felsenstein},
  title =	 {Quantitative characters, phylogenies, and
                  morphometrics},
  booktitle =	 {Morphology, Shape, and Phylogenetics},
  year =	 2002,
  editor =	 {N MacLeod},
  series =	 {Systematics Association Special Volume Series 64},
  address =	 {London},
  publisher =	 {Taylor and Francis}
}

@Article{Felsenstein-2012-145,
  author =	 {J Felsenstein},
  title =	 {A comparative method for both discrete and
                  continuous characters using the threshold model},
  journal =	 {The American Naturalist},
  year =	 2012,
  volume =	 179,
  pages =	 {145--156}
}

@Article{Figuerola-1999-1,
  author =	 {J Figuerola},
  title =	 {A comparative study on the evolution of reversed
                  size dimorphism in monogamous waders},
  journal =	 {Biological Journal of the Linnean Society},
  year =	 1999,
  volume =	 67,
  pages =	 {1--18},
}

@Article{Finarelli-2006-301,
  author =	 {J A Finarelli and J J Flynn},
  title =	 {Ancestral State Reconstruction of Body Size in the
                  {Caniformia (Carnivora, Mammalia)}: The Effects of
                  Incorporating Data from the Fossil Record},
  journal =	 {Systematic Biology},
  year =	 2006,
  volume =	 55,
  pages =	 {301--313}
}

@Book{Fisher-1958,
  author =	 {R A Fisher},
  title =	 {The genetical theory of natural selection},
  publisher =	 {Dover},
  year =	 1958,
  address =	 {New York}
}

@Article{FitzJohn-2009-595,
  author =	 {R G FitzJohn and W P Maddison and S P Otto},
  title =	 {Estimating trait-dependent speciation and extinction
                  rates from incompletely resolved phylogenies},
  journal =	 {Systematic Biology},
  year =	 2009,
  volume =	 58,
  pages =	 {595--611}
}

@Article{FitzJohn-2010-619,
  author =	 {R G FitzJohn},
  title =	 {Quantitative Traits and Diversification},
  journal =	 {Systematic Biology},
  year =	 2010,
  volume =	 59,
  pages =	 {619-633}
}

@Article{Foote-2008-421,
  author =	 {M Foote},
  title =	 {On the bidirectional relationship between geographic
                  range and taxonomic duration},
  journal =	 {Paleobiology},
  year =	 2008,
  volume =	 34,
  pages =	 {421-433}
}

@Article{Forbes-2009-776,
  author =	 {A A Forbes and T H Q Powell and L L Stelinski and J
                  J Smith and J L Feder},
  title =	 {Sequential sympatric speciation across trophic
                  levels},
  journal =	 {Science},
  year =	 2009,
  volume =	 323,
  pages =	 {776--779}
}

@Article{Forey-2004-639,
  author =	 {P L Forey and R A Fortey and P Kenrick and A B
                  Smith},
  title =	 {Taxonomy and fossils: a critical appraisal},
  journal =	 {Philosophical Transactions of the Royal Society B:
                  Biological Sciences},
  year =	 2004,
  volume =	 359,
  pages =	 {369--653}
}

@Article{Freckleton-2008-102,
  author =	 {R P Freckleton and A B Phillimore and M Pagel},
  title =	 {Relating traits to diversification: a simple test},
  journal =	 {The American Naturalist},
  year =	 2008,
  volume =	 172,
  number =	 1,
  pages =	 {102--115},
  doi =		 {10.1086/588076},
}

@Article{Fritz-2009-538,
  author =	 {S A Fritz and Olaf R P Bininda-Emonds and A Purvis},
  title =	 {Geographical variation in predictors of mammalian
                  extinction risk: big is bad, but only in the
                  tropics},
  journal =	 {Ecology Letters},
  year =	 2009,
  volume =	 12,
  pages =	 {538--549}
}

@Article{Funk-2011,
  author =	 {W C Funk and M Caminer and S R Ron},
  title =	 {High levels of cryptic species diversity uncovered
                  in {Amazonian} frogs},
  journal =	 {Proceedings of the Royal Society of London Series B},
  year =	 2012,
  volume =	 {in press}
}

@Article{Gage-2002-2309,
  author =	 {M J G Gage and G A Parker and S Nylin and C Wiklund},
  title =	 {Sexual selection and speciation in mammals,
                  butterflies and spiders},
  journal =	 {Proceedings of the Royal Society of London Series B},
  year =	 2002,
  volume =	 269,
  pages =	 {2309--2316}
}

@Article{Gavrilets-2000-886,
  author =	 {S Gavrilets},
  title =	 {Rapid evolution of reproductive barriers driven by
                  sexual conflict},
  journal =	 {Nature},
  year =	 2000,
  volume =	 403,
  pages =	 {886--889},
  doi =		 {10.1038/35002564},
}

@Article{Gavrilets-2005-18040,
  author =	 {S Gavrilets and A Vose},
  title =	 {Dynamic patterns of adaptive radiation},
  journal =	 {Proceedings of the National Acadamy of Sciences,
                  USA},
  year =	 2005,
  volume =	 102,
  pages =	 {18040--18045},
  doi =		 {10.1073/pnas.0506330102},
}

@Book{Gelman-1995,
  author =	 {A Gelman and J B Carlin and H S Stern and D B Rubin},
  title =	 {Bayesian Data Analysis},
  publisher =	 {Chapman \& Hall},
  year =	 1995,
  address =	 {London}
}

@Article{Gilinsky-1987-427,
  author =	 {N L Gilinsky and R K Bambach},
  title =	 {Asymmetrical patterns of origination and extinction
                  in higher taxa},
  journal =	 {Paleobiology},
  year =	 1987,
  volume =	 13,
  number =	 4,
  pages =	 {427--445}
}

@Article{Gilinsky-1994-445,
  author =	 {N L Gilinsky},
  title =	 {Volatility and the Phanerozic decline of background
                  extinction intensity},
  journal =	 {Paleobiology},
  year =	 1994,
  volume =	 20,
  number =	 4,
  pages =	 {445--458}
}

@article{Gittleman-1998-113,
  author =	 {JL Gittleman and A Purvis},
  journal =	 {Proceedings of the Royal Society of London Series B},
  title =	 {Body size and species-richness in carnivores and
                  primates},
  number =	 1391,
  pages =	 {113--119},
  volume =	 265,
  year =	 1998,
}

@Article{Goldberg-2005-623,
  author =	 {E E Goldberg and K Roy and R Lande and D Jablonski},
  title =	 {Diversity, endemism, and age distributions in
                  macroevolutionary sources and sinks},
  journal =	 {The American Naturalist},
  year =	 2005,
  volume =	 165,
  pages =	 {623--633}
}

@Article{Goldberg-2008-2727,
  author =	 {E E Goldberg and B Igi\'c},
  title =	 {On phylogenetic tests of irreversible evolution},
  journal =	 {Evolution},
  year =	 2008,
  volume =	 62,
  number =	 11,
  pages =	 {2727--2741},
  doi =		 {10.1111/j.1558-5646.2008.00505.x}
}

@Article{Goldberg-2011-451,
  author =	 {E E Goldberg and L T Lancaster and R H Ree},
  title =	 {Phylogenetic inference of reciprocal effects between
                  geographic range evolution and diversification},
  journal =	 {Systematic Biology},
  year =	 2011,
  volume =	 60,
  pages =	 {451--465}
}

@Article{Goldberg-classe,
  author =	 {E E Goldberg and B Igi{\'c}},
  title =	 {Tempo and mode in plant breeding system evolution},
  journal =	 {Proceedings of the Royal Society of London Series B},
  year =	 {submitted}
}

@Article{Gomez-2012,
  author =	 {J M G\'omez and M Verd\'u},
  title =	 {Mutualism with plants drives Primate
                  diversification},
  journal =	 {Systematic Biology},
  year =	 2012,
  volume =	 {in press}
}

@Article{Gould-1977-115,
  author =	 {S J Gould and N Eldredge},
  title =	 {Punctuated equilibrium: the tempo and mode of
                  evolution reconsidered},
  journal =	 {Paleobiology},
  year =	 1977,
  volume =	 3,
  pages =	 {115--151}
}

@Article{Gould-1977-23,
  author =	 {S J Gould and D M Raup and Sepkoski, Jr., J J and T
                  J M Schopf and D S Simberloff},
  title =	 {The Shape of Evolution: A Comparison of Real and
                  Random Clades},
  journal =	 {Paleobiology},
  year =	 1977,
  volume =	 3,
  number =	 1,
  pages =	 {23--40}
}

@Article{Grant-2009-20141,
  author =	 {P R Grant and B R Grant},
  title =	 {The secondary contact phase of allopatric speciation
                  in {Darwin's} finches},
  journal =	 {Proceedings of the National Acadamy of Sciences,
                  USA},
  year =	 2009,
  volume =	 106,
  pages =	 {20141--20148}
}

@Article{Green-1995-711,
  author =	 {P J Green},
  title =	 {Reversible jump {Markov chain Monte Carlo}
                  computation and {Bayesian} model determination},
  journal =	 {Biometrika},
  year =	 1995,
  volume =	 82,
  pages =	 {711--732}
}

@Article{Grimaldi-1999-373,
  author =	 {D Grimaldi},
  title =	 {The Co-Radiations of Pollinating Insects and
                  Angiosperms in the Cretaceous},
  journal =	 {Annals of the Missouri Botanical Garden},
  year =	 1999,
  volume =	 86,
  pages =	 {373--406}
}

@Article{Hackett-2008-1763,
  author =	 {Shannon J. Hackett and Rebecca T. Kimball and Sushma
                  Reddy and Rauri C. K. Bowie and Edward L. Braun and
                  Michael J. Braun and Jena L. Chojnowski and
                  W. Andrew Cox and Kin-Lan Han and John Harshman and
                  Christopher J. Huddleston and Ben D. Marks and
                  Kathleen J. Miglia and William S. Moore and
                  Frederick H. Sheldon and David W. Steadman and
                  Christopher C. Witt and Tamaki Yuri },
  title =	 {A phylogenomic study of birds reveals their
                  evolutionary history},
  journal =	 {Science},
  year =	 2008,
  volume =	 320,
  pages =	 {1763--1768}
}

@Article{Hansen-1996-1417,
  author =	 {T F Hansen and E P Martins},
  title =	 {Translating between microevolutionary process and
                  macroevolutionary patterns: the correlation
                  structure of interspecific data},
  journal =	 {Evolution},
  year =	 1996,
  volume =	 50,
  number =	 4,
  pages =	 {1404--1414}
}

@Article{Harcourt-2002-445,
  author =	 {A H Harcourt and S A Copperto and S A Parks},
  title =	 {Rarity, specialization and extinction in primates},
  journal =	 {Journal of Biogeography},
  year =	 2002,
  volume =	 29,
  pages =	 {445--456},
}

@Article{Harvey-1994-523,
  author =	 {P H Harvey and R M May and S Nee},
  title =	 {Phylogenies without fossils},
  journal =	 {Evolution},
  year =	 1994,
  volume =	 48,
  number =	 3,
  pages =	 {523--529},
}

@Article{Hebert-2004-14812,
  author =	 {P D N Hebert and E H Penton and J M Burns and D H
                  Janzen and W Hallwachs},
  title =	 {Ten species in one: {DNA} barcoding reveals cryptic
                  species in the neotropical skipper butterfly
                  \textit{Astraptes fulgerator}},
  journal =	 {Proceedings of the National Acadamy of Sciences,
                  USA},
  year =	 2004,
  volume =	 101,
  pages =	 {14812--14817}
}

@Article{Heilbuth-2000-221,
  author =	 {J C Heilbuth},
  title =	 {Lower species richness in dioecious clades},
  journal =	 {The American Naturalist},
  year =	 2000,
  volume =	 156,
  number =	 3,
  pages =	 {221--241},
  doi =		 {10.1086/303389}
}

@Article{Hendry-2007-455,
  author =	 {A P Hendry and P Nosil and L H Rieseberg},
  title =	 {The speed of ecological speciation},
  journal =	 {Functional Ecology},
  year =	 2007,
  volume =	 21,
  pages =	 {455-464}
}

@Article{Hernandez-Fernandez-2005-269,
  author =	 {M {Hern\'andez Fern\'andez} and E S Vrba},
  title =	 {A complete estimate of the phylogenetic
                  relationships in {Ruminantia}: a dated species-level
                  supertree of the extant ruminants},
  journal =	 {Biological Reviews},
  year =	 2005,
  volume =	 80,
  pages =	 {269--302},
  doi =		 {10.1017/S1464793104006670},
}

@Article{Hodges-1995-343,
  author =	 {S A Hodges and M L Arnold},
  title =	 {Spurring plant diversification: are floral nectar
                  spurs a key innovation?},
  journal =	 {Procedings of the Royal Society of London, Series B},
  year =	 1995,
  volume =	 262,
  pages =	 {343--348}
}

@Article{Honha-2011-2577,
  author =	 {S H\"onha and T Stadler and F Ronquist and R
                  Britton},
  title =	 {Inferring Speciation and Extinction Rates under
                  Different Sampling Schemes},
  journal =	 {Molecular Biology and Evolution},
  year =	 2011,
  volume =	 28,
  pages =	 {2577--2589}
}

@Article{Horner-2009-e7626,
  author =	 {J R Horner and M B Goodwin},
  title =	 {Extreme Cranial Ontogeny in the Upper Cretaceous
                  Dinosaur \textit{Pachycephalosaurus} },
  journal =	 {PLoS ONE},
  year =	 2009,
  volume =	 4,
  pages =	 {e7626}
}

@Article{Huelsenbeck-2000,
  author =	 {J P Huelsenbeck and B Rannala and B Larget},
  title =	 {A {Bayesian} framework for the analysis of
                  cospeciation},
  journal =	 {Evolution},
  year =	 2000,
  volume =	 54,
  pages =	 {352--364}
}

@Article{Huelsenbeck-2002-673,
  author =	 {J P Huelsenbeck and B Larget and R E Miller and F
                  Ronquist},
  title =	 {Potential applications and pitfalls of {Bayesian}
                  inference of phylogeny},
  journal =	 {Systematic Biology},
  year =	 2002,
  volume =	 51,
  pages =	 {673--688},
  doi =		 {10.1080/10635150290102366},
}

@Article{Huelsenbeck-2003-131,
  author =	 {J P Huelsenbeck and R Nielsen and J P Bollback},
  title =	 {Stochastic mapping of morphological characters},
  journal =	 {Systematic Biology},
  year =	 2003,
  volume =	 52,
  pages =	 {131--158}
}

@Article{Hunt-2006-578,
  author =	 {G Hunt},
  title =	 {Fitting and comparing models of phyletic evolution:
                  random walks and beyond},
  journal =	 {Paleobiology},
  year =	 2006,
  volume =	 32,
  pages =	 {578--601}
}

@Article{Isaac-2003-18,
  author =	 {N J B Isaac and P-M Agapow and P H Harvey and A
                  Purvis},
  title =	 {Phylogenetically nested comparisons for testing
                  correlates of species richness: a simulation study
                  of continuous variables},
  journal =	 {Evolution},
  year =	 2003,
  volume =	 57,
  number =	 1,
  pages =	 {18--26},
}

@Article{Jablonski-1997-250,
  author =	 {D Jablonski},
  title =	 {Body-size evolution in {Cretaceous} molluscs and the
                  status of {Cope's} rule},
  journal =	 {Nature},
  year =	 1997,
  volume =	 385,
  pages =	 {250--252},
  doi =		 {10.1038/385250a0},
}

@Article{Jablonski-2007-87,
  author =	 {D Jablonski},
  title =	 {Scale and hierarchy in macroevolution},
  journal =	 {Paleontology},
  year =	 2007,
  volume =	 50,
  pages =	 {87--109}
}

@Article{Jablonski-2008-501,
  author =	 {D Jablonski},
  title =	 {Species selection: theory and data},
  journal =	 {Annual Review of Ecology, Evolution, and
                  Systematics},
  year =	 2008,
  volume =	 39,
  pages =	 {501--524},
  doi =		 {10.1146/annurev.ecolsys.39.110707.173510},
}

@Article{Jablonski-2008-715,
  author =	 {D Jablonski},
  title =	 {Biotic interactions and macroevolution: extensions
                  and mismatches across scales and levels},
  journal =	 {Evolution},
  year =	 2008,
  volume =	 62,
  pages =	 {715--739}
}

@Article{Jaramillo-2006-1893,
  author =	 {C Jaramillo and M J Rueda and G Mora},
  title =	 {Cenozoic plant diversity in the {Neotropics}},
  journal =	 {Science},
  year =	 2006,
  volume =	 311,
  pages =	 {1893--1896}
}

@Article{Johnson-2011-3230,
  author =	 {M T J Johnson and R G FitzJohn and S D Smith and M D
                  Rausher and S P Otto},
  title =	 {Loss of sexual recombination and segregation is
                  associated with increased diversification in evening
                  primroses},
  journal =	 {Evolution},
  year =	 2011,
  volume =	 65,
  number =	 11,
  pages =	 {3230--3240}
}

@Article{Jones-2009-2648,
  author =	 {K E Jones and J Bielby and M Cardillo and S A Fritz
                  and J O'Dell and C D L Orme and K Safi and W
                  Sechrest and E H Boaks and C Carbone and C Connolly
                  and M J Cutts and J K Foster and R Grenyer and M
                  Habib and C A Plaster and S A Price and E A Rigby
                  and J Rist and A Teacher and O R P Bininda-Emonds
                  and J L Gittleman and G M Mace and A Purvis},
  title =	 {PanTHERIA: A species-level database of life-history,
                  ecology and geography of extant and recently extinct
                  mammals},
  journal =	 {Ecology},
  year =	 2009,
  volume =	 90,
  pages =	 2648
}

@Article{Kaliszewska-2005-3439,
  author =	 {Z A Kaliszewska and J Seger and V J Rowntree and S G
                  Barco and R Benegas and P B Best and M W Brown and R
                  L Brownell Jr. and A Carribero and R Harcourt and A
                  R Knowlton and K Marshall-Tilas and N J Patenaude
                  and M Rivarola and C M Schaeff and M Sironi and W A
                  Smith and T K Yamada},
  title =	 {Population histories of right whales ({Cetacea:
                  \textit{Eubalaena}}) inferred from mitochondrial
                  sequence diversities and divergences of their whale
                  lice ({Amphipoda: \textit{Cyamus}}) },
  journal =	 {Molecular Ecology},
  year =	 2005,
  volume =	 14,
  pages =	 {3439--3456}
}

@Article{Kalmar-2010-51,
  author =	 {A Kalmar and D J Currie},
  title =	 {The completeness of the continental fossil record
                  and its impact on patterns of diversification},
  journal =	 {Paleobiology},
  year =	 2010,
  volume =	 36,
  number =	 1,
  pages =	 {51--60}
}

@Book{Karlin-Taylor,
  author =	 {S Karlin and H M Taylor},
  title =	 {A Second Course in Stochastic Processes},
  publisher =	 {Academic Press},
  year =	 1981,
  address =	 {London}
}

@Article{Kass-1995-773,
  author =	 {R E Kass and A E Raftery},
  title =	 {Bayes Factors},
  journal =	 {Journal of the American Statistical Association},
  year =	 1995,
  volume =	 90,
  pages =	 {773--795}
}

@Article{Kendall-1948-1,
  author =	 {D G Kendall},
  title =	 {On the generalized ``birth-and-death'' process},
  journal =	 {The Annals of Mathematical Statistics},
  year =	 1948,
  volume =	 19,
  pages =	 {1--15},
}

@Article{Kendall-1948-6,
  author =	 {D G Kendall},
  title =	 {On some modes of population growth leading to {R.\
                  A.\ Fisher's} logarithmic series distribution},
  journal =	 {Biometrika},
  year =	 1948,
  volume =	 35,
  pages =	 {6--15},
}

@Article{Kingsolver-2004-1608,
  author =	 {J G Kingsolver and D W Pfennig},
  title =	 {Individual-level selection as a cause of {Cope's}
                  rule of phyletic size increase},
  journal =	 {Evolution},
  year =	 2004,
  volume =	 58,
  number =	 7,
  pages =	 {1608--1612},
  doi =		 {10.1111/j.0014-3820.2004.tb01740.x},
}

@Article{Kubo-1995-694,
  author =	 {T Kubo and Y Iwasa},
  title =	 {Inferring the rates of branching and extinction from
                  molecular phylogenies},
  journal =	 {Evolution},
  year =	 1995,
  volume =	 49,
  number =	 4,
  pages =	 {694--704},
}

@Article{Kuhn-2011-427,
  author =	 {T S Kuhn and A \O Mooers and G H Thomas},
  title =	 {A simple polytomy resolver for dated phylogenies},
  journal =	 {Methods in Ecology and Evolution},
  year =	 2011,
  volume =	 2,
  pages =	 {427--436}
}

@Article{Labandeira-1993-310,
  author =	 {C C Labandeira and Sepkoski, Jr., J J},
  title =	 {Insect diversity in the fossil record},
  journal =	 {Science},
  year =	 1993,
  volume =	 261,
  pages =	 {310--315}
}

@Article{Levinton-1979-335,
  author =	 {J S Levinton},
  title =	 {A theory of diversity equilibrium and morphological
                  evolution},
  journal =	 {Science},
  year =	 1979,
  volume =	 204,
  pages =	 {335--336}
}

@Article{Lewis-2001-913,
  author =	 {P O Lewis},
  title =	 {A likelihood approach to estimating phylogeny from
                  discrete morphological character data},
  journal =	 {Systematic Biology},
  year =	 2001,
  volume =	 50,
  number =	 6,
  pages =	 {913--925}
}

@article{Lewontin-1970-1,
  author =	 {RC Lewontin},
  journal =	 {Annual Review of Ecology and Systematics},
  title =	 {The units of selection},
  number =	 1,
  pages =	 {1--18},
  volume =	 1,
  year =	 1970,
}

@Article{Lieberman-2005-113,
  author =	 {B S Lieberman and E S Vrba},
  title =	 {{Stephen Jay Gould} on species selection: 30 years
                  of insight},
  journal =	 {Paleobiology},
  year =	 2005,
  volume =	 31,
  pages =	 {113--121}
}

@Article{Liow-2008-6097,
  author =	 {Lee Hsiang Liow and Mikael Fortelius and Ella
                  Bingham and Kari Lintulaakso and Heikki Mannila and
                  Larry Flynn and Nils Chr Stenseth},
  journal =	 {Proceedings of the National Acadamy of Sciences,
                  USA},
  title =	 {Higher origination and extinction rates in larger
                  mammals},
  number =	 16,
  pages =	 {6097--6102},
  volume =	 105,
  year =	 2008,
}

@Article{Liow-2010-646,
  author =	 {L H Liow and T B Quental and C R Marshall},
  title =	 {When can decreasing diversification rates be
                  detected with molecular phylogenies and the fossil
                  record?},
  journal =	 {Systematic Biology},
  year =	 2010,
  volume =	 59,
  pages =	 {646--659}
}

@Article{Lislevand-2007-1605,
  author =	 {T Lislevand and J Figuerola and T Sz{\'e}kely},
  title =	 {Avian body sizes in relation to fecundity, mating
                  system, display behavior, and resource sharing},
  journal =	 {Ecology},
  year =	 2007,
  volume =	 88,
  number =	 6,
  pages =	 1605,
}

@Article{Lloyd-1993-595,
  author =	 {E A Lloyd and S J Gould},
  title =	 {Species selection on variability},
  journal =	 {Proceedings of the National Acadamy of Sciences,
                  USA},
  year =	 1993,
  volume =	 90,
  pages =	 {595--599}
}

@Article{Losos-2011-709,
  author =	 {J Losos},
  title =	 {Seeing the forest for the trees: The limitations of
                  phylogenies in comparative biology},
  journal =	 {The American Naturalist},
  year =	 2011,
  volume =	 177,
  pages =	 {709--727}
}

@Article{Lukoschek-2012-22,
  author =	 {V Lukoschek and J S Keogh and J C Avise},
  title =	 {Evaluating Fossil Calibrations for Dating
                  Phylogenies in Light of Rates of Molecular
                  Evolution: A Comparison of Three Approaches},
  journal =	 {Systematic Biology},
  year =	 2012,
  volume =	 61,
  pages =	 {22--43}
}

@Article{Luo-2007-1011,
  author =	 {Z Luo},
  title =	 {Transformation and diversification in early mammal
                  evolution},
  journal =	 {Nature},
  year =	 2007,
  volume =	 450,
  pages =	 {1011-1019}
}

@Article{Lutzoni-2001-937,
  author =	 {F Lutzoni and M Pagel and V Reeb},
  title =	 {Major fungal lineages are derived from lichen
                  symbiotic ancestors},
  journal =	 {Nature},
  year =	 2001,
  volume =	 411,
  pages =	 {937--940},
  doi =		 {10.1038/35082053},
}

@Article{Lynch-2009-2457,
  author =	 {V J Lynch},
  title =	 {Live-birth in vipers ({Viperidae}) is a key
                  innovation and adaptation to global cooling during
                  the {Cenozoic}},
  journal =	 {Evolution},
  year =	 2009,
  volume =	 63,
  number =	 9,
  pages =	 {2457--2465}
}

@Article{MacArthur-1957-293,
  author =	 {R H MacArthur},
  title =	 {On the relative abundance of bird species},
  journal =	 {Proceedings of the National Acadamy of Sciences,
                  USA},
  year =	 1957,
  volume =	 43,
  pages =	 {293--295}
}

@Article{MacArthur-1969,
  author =	 {R H MacArthur},
  title =	 {Patterns of communities in the tropics},
  journal =	 {Biological Journal of the Linnean Society},
  year =	 1969,
  volume =	 1,
  pages =	 {19--30}
}

@Book{MacKay-2003,
  author =	 {D J C MacKay},
  title =	 {Information Theory, Inference, and Learning
                  Algorithms},
  publisher =	 {Cambridge University Press},
  year =	 2003,
  address =	 {New York},
  pages =	 {628pp}
}

@Article{Maddison-1991-304,
  author =	 {W P Maddison},
  title =	 {Squared-change parsimony reconstructions of
                  ancestral states for continuous-valued characters on
                  a phylogenetic tree},
  journal =	 {Systematic Biology},
  year =	 1991,
  volume =	 40,
  number =	 3,
  pages =	 {304--314},
}

@Article{Maddison-1997-590,
  author =	 {D R Maddison and D L Swofford and W P Maddison},
  title =	 {{NEXUS}: an extensible file format for systematic
                  information},
  journal =	 {Systematic Biology},
  year =	 1997,
  volume =	 46,
  pages =	 {590--621}
}

@Article{Maddison-2006-1743,
  author =	 {W P Maddison},
  title =	 {Confounding asymmetries in evolutionary
                  diversification and character change},
  journal =	 {Evolution},
  year =	 2006,
  volume =	 60,
  number =	 8,
  pages =	 {1743--1746},
  doi =		 {10.1111/j.0014-3820.2006.tb00517.x},
}

@Article{Maddison-2007-701,
  author =	 {W P Maddison and P E Midford and S P Otto},
  title =	 {Estimating a binary character's effect on speciation
                  and extinction},
  journal =	 {Systematic Biology},
  year =	 2007,
  volume =	 56,
  number =	 5,
  pages =	 {701--710},
  doi =		 {10.1080/10635150701607033},
}

@Article{Magallon-2001-1762,
  author =	 {S Magall{\'o}n and M J Sanderson},
  title =	 {Absolute diversification rates in {Angiosperm}
                  clades},
  journal =	 {Evolution},
  year =	 2001,
  volume =	 55,
  number =	 9,
  pages =	 {1762--1780},
  doi =		 {10.1111/j.0014-3820.2001.tb00826.x},
}

@Article{Magnuson-Ford-2012,
  author =	 {K Magnuson-Ford and S P Otto},
  title =	 {Linking the investigations of character evolution
                  and species diversification},
  journal =	 {The American Naturalist},
  year =	 2012
}

@Article{Martins-1997-646,
  author =	 {E P Martins and T F Hansen},
  title =	 {Phylogenies and the Comparative Method: A General
                  Approach to Incorporating Phylogenetic Information
                  into the Analysis of Interspecific Data},
  journal =	 {The American Naturalist},
  year =	 1997,
  volume =	 149,
  number =	 4,
  pages =	 {646--667},
}

@Article{Martins-1999-642,
  author =	 {E P Martins},
  title =	 {Estimation of ancestral states of continuous
                  characters: a computer simulation study},
  journal =	 {Systematic Biology},
  year =	 1999,
  volume =	 48,
  number =	 3,
  pages =	 {642--650},
  doi =		 {10.1080/106351599260210 },
}

@Article{Mayhew-2007-425,
  author =	 {P J Mayhew},
  title =	 {Why are there so many insect species? {P}erspectives
                  from fossils and phylogenies},
  journal =	 {Biological Review},
  year =	 2007,
  volume =	 82,
  pages =	 {425--454}
}

@Article{Mayrose-2011,
  author =	 {I Mayrose and S P Otto},
  title =	 {A likelihood method for detecting trait-dependent
                  shifts in the rate of molecular evolution},
  journal =	 {Molecular Biology and Evolution},
  year =	 2011,
  volume =	 28,
  pages =	 {759--770}
}

@Article{McPeek-2008-E270,
  author =	 {M A McPeek},
  title =	 {The ecological dynamics of clade diversification and
                  community assembly},
  journal =	 {The American Naturalist},
  year =	 2008,
  volume =	 172,
  number =	 6,
  pages =	 {E270--E284},
  doi =		 {10.1086/593137},
}

@Manual{Mesquite,
  title =	 {\textsc{Mesquite}: A modular system for evolutionary
                  analysis.  Version 2.5.
                  \texttt{http://www.mesquiteproject.org}},
  author =	 {W P Maddison and D R Maddison},
  year =	 2008
}

@Manual{Mesquite1.1,
  title =	 {Mesquite: a modular system for evolutionary
                  analysis.  Version 1.1
                  \texttt{http://www.mesquiteproject.org}},
  author =	 {W P Maddison and D R Maddison},
  year =	 2006
}

@Article{Mitra-1996-544,
  author =	 {S Mitra and H Landel and S Pruett-Jones},
  title =	 {Species richness covaries with mating system in
                  birds},
  journal =	 {The Auk},
  year =	 1996,
  volume =	 113,
  number =	 3,
  pages =	 {544--551}
}

@Article{Mitter-1988-107,
  author =	 {C B Mitter and B Farrell and B Wiegmann},
  title =	 {The phylogenetic study of adaptive zones: has
                  phytophagy promoted insect diversification?},
  journal =	 {The American Naturalist},
  year =	 1988,
  volume =	 132,
  pages =	 {107--128},
  doi =		 {10.1086/284840}
}

@Article{Mooers-1999-249,
  author =	 {A {\O} Mooers and S M Vamosi and D Schluter},
  title =	 {Using phylogenies to test macroevolutionary
                  hypotheses of trait evolution in cranes ({Gruinae})},
  journal =	 {The American Naturalist},
  year =	 1999,
  volume =	 154,
  pages =	 {249--259}
}

@Article{Mooers-1999-623,
  author =	 {A {\O} Mooers and D Schluter},
  title =	 {Reconstructing ancestor states with maximum
                  likelihood: support for one- and two-rate models},
  journal =	 {Systematic Biology},
  year =	 1999,
  volume =	 48,
  pages =	 {623--633}
}

@Article{Mooers-2002-833,
  author =	 {A {\O} Mooers and S B Heard},
  title =	 {Using tree shape},
  journal =	 {Systematic Biology},
  year =	 2002,
  volume =	 51,
  number =	 6,
  pages =	 {833-834},
  doi =		 {10.1080/10635150290102528},
}

@Article{Moran-1988-681,
  author =	 {N A Moran},
  title =	 {The evolution of host-plant alternation in aphids:
                  evidence for specialization as a dead end},
  journal =	 {The American Naturalist},
  year =	 1988,
  volume =	 132,
  pages =	 {681--706}
}

@Article{Moreau-2006-101,
  author =	 {C S Moreau and C D Bell and S B Archibald and N E
                  Pierce},
  title =	 {Phylogeny of the Ants: Diversification in the Age of
                  Angiosperms},
  journal =	 {Science},
  year =	 2006,
  volume =	 312,
  pages =	 {101--104}
}

@Article{Morlon-2010,
  author =	 {H Morlon and M D Potts and J Plotkin},
  title =	 {Inferring the dynamics of diversification: a
                  coalescent approach},
  journal =	 {PloS Biology},
  year =	 2010,
  volume =	 8,
  pages =	 {e1000493}
}

@Article{Morlon-2011-16327,
  author =	 {H Morlon and T Parsons and J Plotkin},
  title =	 {Reconciling molecular phylogenies with the fossil
                  record},
  journal =	 {Proceedings of the National Acadamy of Sciences,
                  USA},
  year =	 2011,
  volume =	 108,
  pages =	 {16327-16332}
}

@Article{Morrow-2003-1793,
  author =	 {E H Morrow and T E Pitcher},
  title =	 {Sexual selection and the risk of extinction in
                  birds},
  journal =	 {Proceedings of the Royal Society of London Series B},
  year =	 2003,
  volume =	 270,
  pages =	 {1793--1799},
  doi =		 {10.1098/rspb.2003.2441},
}

@Article{Morrow-2003-228,
  author =	 {E H Morrow and T E Pitcher and G Arnqvist},
  title =	 {No evidence that sexual selection is an `engine of
                  speciation' in birds},
  journal =	 {Ecology Letters},
  year =	 2003,
  volume =	 6,
  pages =	 {228--234}
}

@Article{Morse-1985-731,
  author =	 {D R Morse and J H Lawton and M M Dodson and M H
                  Williamson},
  title =	 {Fractal dimension of vegetation and the distribution
                  of arthropod body lengths},
  journal =	 {Nature},
  year =	 1985,
  volume =	 314,
  pages =	 {731--733}
}

@InProceedings{Mossel-2005-384,
  author =	 {E Mossel and M Steel},
  title =	 {How much can evolved characters tell us about the
                  tree that generated them?},
  year =	 2005,
  booktitle =	 {Mathematics of Evolution and Phylogeny},
  pages =	 {384--412},
  editor =	 {O Gascuel},
  publisher =	 {Oxford University Press}
}

@Article{Moyle-2009-1863,
  author =	 {R G Moyle and C E Filardi and C E Smith and J
                  Diamond},
  title =	 {Explosive {Pleistocene} diversification and
                  hemispheric expansion of a ``great speciator''},
  journal =	 {Proceedings of the National Acadamy of Sciences,
                  USA},
  year =	 2009,
  volume =	 106,
  number =	 6,
  pages =	 {1863--1868},
  doi =		 {10.1073/pnas.0809861105}
}

@Article{Muller-2006-503,
  author =	 {J M\"uller and R R Reisz},
  title =	 {The Phylogeny of Early Eureptiles: Comparing
                  Parsimony and Bayesian Approaches in the
                  Investigation of a Basal Fossil Clade},
  journal =	 {Systematic Biology},
  year =	 2006,
  volume =	 55,
  pages =	 {503--511}
}

@Article{Nagalingum-2011-796,
  author =	 {N S Nagalingum and C R Marshall and T B Quental and
                  H S Rai and D P Little and S Matthews},
  title =	 {Recent synchronous radiation of a living fossil},
  journal =	 {Science},
  year =	 2011,
  volume =	 334,
  pages =	 {796--799}
}

@Article{Neal-2003-705,
  author =	 {R M Neal},
  title =	 {Slice sampling},
  journal =	 {Annals of Statistics},
  year =	 2003,
  volume =	 31,
  pages =	 {705--767},
  doi =		 {10.1214/aos/1056562461}
}

@Article{Nee-1994-305,
  author =	 {S Nee and R M May and P H Harvey},
  title =	 {The reconstructed evolutionary process},
  journal =	 {Philosophical Transactions of the Royal Society B:
                  Biological Sciences},
  year =	 1994,
  volume =	 344,
  pages =	 {305--311},
}

@Article{Nee-1994-77,
  author =	 {S Nee and E C Holmes and R M May and P H Harvey},
  title =	 {Extinction rates can be estimated from molecular
                  phylogenies},
  journal =	 {Philosophical Transactions of the Royal Society B:
                  Biological Sciences},
  year =	 1994,
  volume =	 344,
  pages =	 {77--82},
}

@Article{Nee-2001-661,
  author =	 {S Nee},
  title =	 {Inferring speciation rates from phylogenies},
  journal =	 {Evolution},
  year =	 2001,
  volume =	 55,
  number =	 4,
  pages =	 {661--668},
  doi =		 {10.1111/j.0014-3820.2001.tb00801.x},
}

@Article{Nee-2006-1,
  author =	 {S Nee},
  title =	 {Birth-death models in macroevolution},
  journal =	 {Annual Review of Ecology and Systematics},
  year =	 2006,
  volume =	 37,
  pages =	 {1--17},
  doi =		 {10.1146/annurev.ecolsys.37.091305.110035},
}

@Article{Nielsen-2002-729,
  author =	 {R Nielsen},
  title =	 {mapping mutations on phylogenies},
  journal =	 {Systematic Biology},
  year =	 2002,
  volume =	 51,
  pages =	 {729--739}
}

@Article{Oakley-2000-397,
  author =	 {T H Oakley and C W Cunningham},
  title =	 {Independent contrasts succeed where ancestor
                  reconstruction fails in a known bacteriophage
                  phylogeny},
  journal =	 {Evolution},
  year =	 54,
  volume =	 2,
  number =	 {397--405},
  doi =		 {10.1111/j.0014-3820.2000.tb00042.x},
}

@Article{Oakley-2003-1,
  author =	 {T H Oakley},
  title =	 {Maximum likelihood models of trait evolution},
  journal =	 {Comments on Theoretical Biology},
  year =	 2003,
  volume =	 8,
  pages =	 {1--17},
  doi =		 {10.1080/08948550390234677},
}

@Book{Okasha-2006,
  author =	 {S Okasha},
  title =	 {Evolution and the Levels of Selection},
  publisher =	 {Oxford University Press},
  year =	 2006,
  address =	 {New York}
}

@Article{Omeara-2006-922,
  author =	 {B C O'Meara and C An{\`e} and M J Sanderson and P C
                  Wainwright},
  title =	 {Testing for different rates of continuous trait
                  evolution using likelihood},
  journal =	 {Evolution},
  year =	 2006,
  volume =	 60,
  number =	 5,
  pages =	 {922-933},
  doi =		 {10.1111/j.0014-3820.2006.tb01171.x},
}

@Book{Otto-Day-2007,
  author =	 {S P Otto and T Day},
  title =	 {A Biologist's Guide to Mathematical Modelling},
  publisher =	 {Princeton University Press},
  year =	 2007,
  address =	 {New Jesrsey}
}

@Article{Owens-1999-933,
  author =	 {I P F Owens and P M Bennett and P H Harvey},
  title =	 {Species richness among birds: body size, life
                  histoy, sexual selection or ecology},
  journal =	 {Proceedings of the Royal Society of London Series B},
  year =	 1999,
  volume =	 266,
  pages =	 {933--939},
}

@Article{Pagel-1994-37,
  author =	 {M Pagel},
  title =	 {Detecting correlated evolution on phylogenies: a
                  general method for the comparative analysis of
                  discrete characters},
  journal =	 {Proceedings of the Royal Society of London Series B},
  year =	 1994,
  volume =	 255,
  pages =	 {37--45},
}

@Article{Pagel-1997-331,
  author =	 {M Pagel},
  title =	 {Inferring evolutionary processes from phylogenies},
  journal =	 {Zoologica Scripta},
  year =	 1997,
  volume =	 26,
  number =	 4,
  pages =	 {331--348},
  doi =		 {10.1111/j.1463-6409.1997.tb00423.x},
}

@Article{Pagel-1999-877,
  author =	 {M Pagel},
  title =	 {Inferring the historical patterns of biological
                  evolution},
  journal =	 {Nature},
  year =	 1999,
  volume =	 401,
  pages =	 {877--884},
  doi =		 {10.1038/44766},
}

@Article{Pagel-2004-673,
  author =	 {M Pagel and A Meade and D Barker},
  title =	 {Bayesian estimation of ancestral character states on
                  phylogenies},
  journal =	 {Systematic Biology},
  year =	 2004,
  volume =	 53,
  number =	 5,
  pages =	 {673--684}
}

@Article{Pagel-2006-167,
  author =	 {M Pagel and A Meade},
  title =	 {Bayesian analysis of correlated evolution of
                  discrete characters by reversable-jump {Markov chain
                  Monte Carlo}},
  journal =	 {The American Naturalist},
  year =	 2006,
  volume =	 167,
  pages =	 {808--825}
}

@Article{Panhuis-2001-364,
  author =	 {T M Panhuis and R Butlin and M Zuk and T Tregenza},
  title =	 {Sexual selection and speciation},
  journal =	 {Trends in Ecology and Evolution},
  year =	 2001,
  volume =	 16,
  number =	 7,
  pages =	 {364--371},
  doi =		 {10.1016/S0169-5347(01)02160-7},
}

@Article{Paradis-2004-19,
  author =	 {E Paradis},
  title =	 {Can extinction rates be estimated without fossils?},
  journal =	 {Journal of Theoretical Biology},
  year =	 2004,
  volume =	 229,
  pages =	 {19--30}
}

@Article{Paradis-2005-1,
  author =	 {E Paradis},
  title =	 {Statistical analysis of diversification with species
                  traits},
  journal =	 {Evolution},
  year =	 2005,
  volume =	 59,
  number =	 1,
  pages =	 {1--12},
  doi =		 {10.1111/j.0014-3820.2005.tb00889.x},
}

@Article{Paradis-2008-241,
  author =	 {E Paradis},
  title =	 {Asymmetries in phylogenetic diversification and
                  character change can be untangled},
  journal =	 {Evolution},
  year =	 2008,
  volume =	 61,
  number =	 1,
  pages =	 {241--247},
  doi =		 {10.1111/j.1558-5646.2007.00252.x},
}

@Article{Paradis-2010-661,
  author =	 {E Paradis},
  title =	 {Time-dependent speciation and extinction from
                  phylogenies: a least squares approach},
  journal =	 {Evolution},
  year =	 2010,
  volume =	 65,
  pages =	 {661--672}
}

@Article{Parker-1998-261,
  author =	 {G A Parker and L Partridge},
  title =	 {Sexual conflict and speciation},
  journal =	 {Philosophical Transactions of the Royal Society B:
                  Biological Sciences},
  year =	 1998,
  volume =	 353,
  pages =	 {261--274},
}

@Article{Pellmyr-1992-46,
  author =	 {O Pellmyr},
  title =	 {Evolution of insect pollination and {Angiosperm}
                  diversification},
  journal =	 {Trends in Ecology and Evolution},
  year =	 1992,
  volume =	 7,
  number =	 2,
  pages =	 {46--49}
}

@Article{Pfenninger-2007-121,
  author =	 {M Pfenniger and K Schwenk},
  title =	 {Cryptic animal species are homogeneously distributed
                  among taxa and biogeographical regions},
  journal =	 {BMC Evolutionary Biology},
  year =	 2007,
  volume =	 7,
  pages =	 121
}

@Article{Phillimore-2006-220,
  author =	 {A B Phillimore and R P reckleton and C D L Orme and
                  I P F Owens},
  title =	 {Ecology predicts large-scale patterns of
                  phylogenetic diversification in birds},
  journal =	 {The American Naturalist},
  year =	 2006,
  volume =	 168,
  number =	 2,
  pages =	 {220--229}
}

@Article{Phillimore-2008-483,
  author =	 {A B Phillimore and T D Price},
  title =	 {Density-dependent cladogenesis in birds},
  journal =	 {PLoS Biology},
  year =	 2008,
  volume =	 6,
  number =	 3,
  pages =	 {483--489},
  doi =		 {10.1371/journal.pbio.0060071},
}

@Book{Phillips-1860,
  author =	 {J Philips},
  title =	 {Life on the earth: its origin and succession},
  publisher =	 {Macmillan},
  year =	 1860,
  address =	 {Cambridge}
}

@Article{Pritchard-2000-945,
  author =	 {J K Pritchard and M Stephens and P Donnelly},
  title =	 {Inference of population structure using multilocus
                  genotype data},
  journal =	 {Genetics},
  year =	 2000,
  volume =	 155,
  pages =	 {945--959}
}

@Article{Pulquerio-2007-180,
  author =	 {M J F Pulqu{\'e}rio and R A Nichols},
  title =	 {Dates from the molecular clock: how wrong can we
                  be?},
  journal =	 {Trends in Ecology and Evolution},
  year =	 2007,
  volume =	 {180--184}
}

@Article{Purvis-2008-301,
  author =	 {A Purvis},
  title =	 {Phylogenetic approaches to the study of extinction},
  journal =	 {Annual Review of Ecology and Systematics},
  year =	 2008,
  volume =	 39,
  pages =	 {301--319},
  doi =		 {10.1146/annurev-ecolsys-063008-102010e},
}

@InProceedings{Purvis-2009-278,
  author =	 {A Purvis and C D L Orme and N H Toomey and P N
                  Pearson},
  title =	 {Temporal patterns in diversification rates},
  booktitle =	 {Speciation and Patterns of Diversity},
  pages =	 {278--300},
  year =	 2009,
  editor =	 {R Butlin and J Bridle and D Schluter},
  publisher =	 {Cambridge University Press}
}

@Article{Puurtinen-2002-645,
  author =	 {M Puurtinen and V Kaitala},
  title =	 {Mate-search efficiency can determine the evolution
                  of separate sexes and the stability of
                  hermaphroditism in animals},
  journal =	 {The American Naturalist},
  year =	 2002,
  volume =	 160,
  number =	 5,
  pages =	 {645--660},
  doi =		 {10.1086/342821},
}

@Article{Pybus-2000-2267,
  author =	 {O G Pybus and P H Harvey},
  title =	 {Testing macro-evolutionary models using incomplete
                  molecular phylogenies},
  journal =	 {Proceedings of the Royal Society of London Series B},
  year =	 2000,
  volume =	 267,
  pages =	 {2267--2272},
  doi =		 {10.1098/rspb.2000.1278},
}

@Article{Pybus-2002-881,
  author =	 {O G Pybus and A Rambaut and E C Holmes and P H
                  Harvey},
  title =	 {New inferences from tree shape: numbers of missing
                  taxa and population growth curves},
  journal =	 {Systematic Biology},
  year =	 2002,
  volume =	 51,
  number =	 6,
  pages =	 {881--888},
  doi =		 {10.1080/10635150290155881},
}

@Article{Quental-2009-3158,
  author =	 {T B Quental and C R Marshall},
  title =	 {Extinction during evolutionary radiations:
                  reconciling the fossil record with molecular
                  phylogenies},
  journal =	 {Evolution},
  year =	 2009,
  volume =	 63,
  pages =	 {3158--3167}
}

@Article{Quental-2010-434,
  author =	 {T B Quental and C R Marshall},
  title =	 {Diversity dynamics: Molecular phylogenies need the
                  fossil record},
  journal =	 {Trends in Ecology and Evolution},
  year =	 2010,
  volume =	 25,
  pages =	 {434--441}
}

@Manual{R,
  title =	 {R: A Language and Environment for Statistical
                  Computing},
  author =	 {{R Development Core Team}},
  organization = {R Foundation for Statistical Computing},
  address =	 {Vienna, Austria},
  year =	 2008,
  url =		 {http://www.R-project.org},
}

@Article{Rabosky-2006-1152,
  author =	 {D L Rabosky},
  title =	 {Likelihood methods for detecting temporal shifts in
                  diversification rates},
  journal =	 {Evolution},
  year =	 2006,
  volume =	 60,
  number =	 6,
  pages =	 {1152--1164}
}

@Article{Rabosky-2007-2915,
  author =	 {D L Rabosky and S C Donnellan and A L Talaba and I J
                  Lovette},
  title =	 {Exceptional among-lineage variation in
                  diversification rates during the radiation of
                  {Australia's} most diverse vertebrate clade},
  journal =	 {Proceedings of the Royal Society of London Series B},
  year =	 2007,
  volume =	 274,
  pages =	 {2915--2923},
  doi =		 {10.1098/rspb.2007.0924},
}

@Article{Rabosky-2008-1866,
  author =	 {D L Rabosky and I J Lovette},
  title =	 {Explosive evolutionary radiations: decreasing
                  speciation or increasing extinction through time?},
  journal =	 {Evolution},
  year =	 2008,
  volume =	 62,
  number =	 8,
  pages =	 {1866--1875},
  doi =		 {10.1111/j.1558-5646.2008.00409.x},
}

@Article{Rabosky-2009-183,
  author =	 {D L Rabosky and U Sorhannus},
  title =	 {Diversity dynamics of marine planktonic diatoms
                  across the Cenozoic},
  journal =	 {Nature},
  year =	 2009,
  volume =	 457,
  pages =	 {183--186}
}

@Article{Rabosky-2009-629,
  author =	 {D L Rabosky},
  title =	 {Heritability of extinction rates links
                  diversification patterns in molecular phylogenies
                  and fossils},
  journal =	 {Systematic Biology},
  year =	 2009,
  volume =	 58,
  pages =	 {629--640}
}

@article{Rabosky-2009-68,
  author =	 {Daniel L Rabosky and Amy R McCune},
  journal =	 {Trends in Ecology and Evolution},
  title =	 {Reinventing species selection with molecular
                  phylogenies},
  year =	 2009,
  volume =	 25,
  pages =	 {68--74},
  doi =		 {10.1016/j.tree.2009.07.002},
}

@Article{Rabosky-2009-735,
  author =	 {D L Rabosky},
  title =	 {Ecological limits and diversification rate:
                  alternative paradigms to explain the variation in
                  species richness among clades and regions},
  journal =	 {Ecology Letters},
  year =	 2009,
  volume =	 12,
  pages =	 {735--743}
}

@Article{Rabosky-2010-1816,
  author =	 {D L Rabosky},
  title =	 {Extinction rates should not be estimated from
                  molecular phylogenies},
  journal =	 {Evolution},
  year =	 2010,
  volume =	 64,
  pages =	 {1816--1824}
}

@Article{Rabosky-2010-22178,
  author =	 {D L Rabosky and R E Glor},
  title =	 {Equilibrium speciation dynamics in a model adaptive
                  radiation of island lizards},
  journal =	 {Proceedings of the National Acadamy of Sciences,
                  USA},
  year =	 2010,
  volume =	 51,
  pages =	 {22178--22183}
}

@Article{Raia-2012-328,
  author =	 {P Raia and F Carotenuto and F Passaro and D Fulgione
                  and M Fortelius},
  title =	 {Ecological specialization in fossil mammals explains
                  Cope's rule},
  journal =	 {The American Naturalist},
  year =	 2012,
  volume =	 179,
  pages =	 {328--337}
}

@Article{Raup-1973-525,
  author =	 {D M Raup and S J Gould and R J M Schopf and D S
                  Simberloff},
  title =	 {Stochastic models of phylogeny and the evolution of
                  diversity},
  journal =	 {Journal of Geology},
  year =	 1973,
  volume =	 81,
  pages =	 {525--542}
}

@Article{Raup-1986-1528,
  author =	 {D M Raup},
  title =	 {Biological extinction in Earth history},
  journal =	 {Science},
  year =	 1986,
  volume =	 231,
  pages =	 {1528--1533}
}

@Article{Rausher-2008-7,
  author =	 {M D Rausher},
  title =	 {Evolutionary transitions in flower color},
  journal =	 {International Journal of Plant Sciences},
  year =	 2008,
  volume =	 169,
  number =	 1,
  pages =	 {7--21},
  doi =		 {10.1086/523358},
}

@Article{Read-1995-99,
  author =	 {A F Read and S Nee},
  title =	 {Inference from binary comparative data},
  journal =	 {Journal of Theoretical Biology},
  year =	 1995,
  volume =	 173,
  pages =	 {99--108},
  doi =		 {10.1006/jtbi.1995.0047},
}

@Article{Redding-2009-1052,
  author =	 {D W Redding and C DeWolff and A {\O} Mooers},
  title =	 {Evolutionary distinctiveness, threat status and
                  ecological oddity in primates},
  journal =	 {Conservation Biology},
  year =	 2010,
  volume =	 24,
  pages =	 {1052--1058}
}

@Article{Redding-2010-1052,
  author =	 {D W Redding and C DeWolff and A {\O} Mooers},
  title =	 {Evolutionary distinctiveness, threat status and
                  ecological oddity in primates},
  journal =	 {Conservation Biology},
  year =	 2010,
  volume =	 24,
  pages =	 {1052--1058}
}

@Article{Ree-2005-257,
  author =	 {R H Ree},
  title =	 {Detecting the historical signature of key
                  innovations using stochastic models of character
                  evolution abd cladogenesis},
  journal =	 {Evolution},
  year =	 2005,
  volume =	 59,
  number =	 2,
  pages =	 {257--265},
  doi =		 {10.1111/j.0014-3820.2005.tb00986.x},
}

@Article{Reed-1999-232,
  author =	 {J M Reed},
  title =	 {The role of behavior in recent avian extinctions and
                  endangerments },
  journal =	 {Conservation Biology},
  year =	 1999,
  volume =	 13,
  number =	 2,
  pages =	 {232--241},
}

@Article{Reeder-2007-1,
  author =	 {D M Reeder and K M Helgen and D E Wilson},
  title =	 {Global trends and biases in new mammal species
                  discoveries},
  journal =	 {Occasional Papers, Museum of Texas Tech University},
  year =	 2007,
  volume =	 269,
  pages =	 {1--35}
}

@Article{Revell-2005-973,
  author =	 {L J Revell and L J Harmon and R E Glor},
  title =	 {Underparameterized model of sequence evolution leads
                  to bias in the estimation of diversification rates
                  from molecular phylogenies},
  journal =	 {Systematic Biology},
  year =	 2005,
  volume =	 54,
  pages =	 {973--983}
}

@Article{Rice-1995-237,
  author =	 {S H Rice},
  title =	 {A genetical theory of species selection},
  journal =	 {Journal of Theoretical Biology},
  year =	 1995,
  volume =	 177,
  pages =	 {237--245}
}

@Article{Rice-2002-241,
  author =	 {W R Rice},
  title =	 {Experimental tests of the adaptive significance of
                  sexual recombination},
  journal =	 {Nature Reviews Genetics},
  year =	 2002,
  volume =	 3,
  pages =	 {241--251},
  doi =		 {10.1038/nrg760},
}

@Article{Ricklefs-2007-601,
  author =	 {R E Ricklefs},
  title =	 {Estimating diversification rates from phylogenetic
                  information},
  journal =	 {Trends in Ecology and Evolution},
  year =	 2007,
  volume =	 22,
  number =	 11,
  pages =	 {601--610},
  doi =		 {10.1016/j.tree.2007.06.013},
}

@Article{Ritchie-2007-79,
  author =	 {M G Ritchie},
  title =	 {Sexual selection and speciation},
  journal =	 {Annual Review of Ecology, Evolution, and
                  Systematics},
  year =	 2007,
  volume =	 38,
  pages =	 {79--102},
  doi =		 {10.1146/annurev.ecolsys.38.091206.095733},
}

@Article{Rosenbaum-2000-1793,
  author =	 {H C Rosenbaum and R L Brownell Jr and M W Brown and
                  C Schaeff and V Portway and B N White and S Malik
                  and L A Pastene and N J Patenaude and C S Baker and
                  M Goto and P B Best and P J Clapham and P Hamilton
                  and M Moore and R Payne and V Rowntree and C T Tynan
                  and J L Bannister and R DeSalle},
  title =	 {World-wide genetic differentiation of
                  \textit{Eubalaena}: questioning the number of right
                  whale species},
  journal =	 {Molecular Ecology},
  year =	 2000,
  volume =	 9,
  pages =	 {1793--1802}
}

@Article{Rosenfield-2002-323,
  author =	 {J A Rosenfield},
  title =	 {Pattern and process in the geographical ranges of
                  freshwater fishes},
  journal =	 {Global Ecology and Biogeography},
  year =	 2002,
  volume =	 11,
  pages =	 {323--332},
}

@Article{Rosindell-2010,
  author =	 {J Rosindell and S J Cornell and S Hubbell and R S
                  Etienne},
  title =	 {Protracted speciation revitalises the neutral theory
                  of biodiversity},
  journal =	 {Ecology Letters},
  year =	 2010,
  volume =	 13,
  pages =	 {716--727}
}

@Article{Sanderson-1996-1488,
  author =	 {M J Sanderson and M F Wojciechowski},
  title =	 {Diversification rates in a temperate legume clade:
                  are there ``so species'' of {\textit{Astragalus}
                  (Fabaceae)}},
  journal =	 {American Journal of Botany},
  year =	 1996,
  volume =	 83,
  number =	 11,
  pages =	 {1488--1502},
}

@Article{Savolainen-2002-835,
  author =	 {V Savolainen and S B Heard and M P Powell and T J
                  Davies and A {\O} Mooers},
  title =	 {Is cladogenesis heritable?},
  journal =	 {Systematic Biology},
  year =	 2002,
  volume =	 51,
  number =	 6,
  pages =	 {835--843},
  doi =		 {10.1080/10635150290102672},
}

@Article{Scannella-2010-1157,
  author =	 {J B Scannella and J R Horner},
  title =	 {{\textit{Torosaurus} Marsh}, 1891, is
                  {\textit{Triceratops} Marsh}, 1889 ({Ceratopsidae:
                  Chasmosaurinae}): synonymy through ontogeny},
  journal =	 {Journal of Vertebrate Paleontology},
  year =	 2010,
  volume =	 30,
  pages =	 {1157--1168}
}

@Article{Schluter-1995-108,
  author =	 {D Schluter},
  title =	 {Uncertainty in ancestral phylogenies},
  journal =	 {Nature},
  year =	 1995,
  volume =	 377,
  pages =	 {108--109},
  doi =		 {10.1038/377108a0},
}

@Article{Schluter-1997-1699,
  author =	 {D Schluter and T Price and A {\O} Mooers and D
                  Ludwig},
  title =	 {Likelihood of ancestor states in adaptive radiation},
  journal =	 {Evolution},
  year =	 1997,
  volume =	 51,
  pages =	 {1699--1711},
}

@Article{Schluter-2009-737,
  author =	 {D Schluter},
  title =	 {Evidence for ecological speciation and its
                  alternative},
  journal =	 {Science},
  year =	 2009,
  volume =	 323,
  pages =	 {737--741}
}

@Article{Schwander-2009-28,
  author =	 {T Schwander and B Crespi},
  title =	 {Twigs on the tree of life? Neutral and selective
                  models for integrating macroevolutionary patterns
                  with microevolutionary processes in the analysis of
                  asexuality},
  journal =	 {Molecular Ecology},
  year =	 2009,
  volume =	 18,
  number =	 1,
  pages =	 {28--42}
}

@Article{Schwartz-2010-5,
  author =	 {R S Schwartz and R L Mueller},
  title =	 {Branch length estimation and divergence dating:
                  estimates of error in Bayesian and maximum
                  likelihood frameworks},
  journal =	 {BMC Evolutionary Biology},
  year =	 2010,
  volume =	 10,
  pages =	 5
}

@Article{Seehausen-2006-R334,
  author =	 {O Seehausen},
  title =	 {Conservation: Losing biodiversity by reverse
                  speciation},
  journal =	 {Current Biology},
  year =	 2006,
  volume =	 16,
  pages =	 {R334--R337}
}

@Article{Sepkoski-1997-533,
  author =	 {Sepkoski, Jr., J J},
  title =	 {Biodiversity: past, present, and future},
  journal =	 {Journal of Paleontology},
  year =	 1997,
  volume =	 71,
  pages =	 {533--539}
}

@Article{Sepkoski-1998-315,
  author =	 {Sepkoski, Jr., J J},
  title =	 {Rates of speciation in the fossil record},
  journal =	 {Philosophical Transactions of the Royal Society B:
                  Biological Sciences},
  year =	 1998,
  volume =	 353,
  pages =	 {315--326}
}

@InCollection{Shaw-2000-369,
  author =	 {A J Shaw},
  title =	 {Population ecology, population genetics and
                  microevolution},
  booktitle =	 {Bryophyte Biology},
  pages =	 {369--402},
  publisher =	 {Cambridge University Press},
  year =	 2000,
  editor =	 {A J Shaw and B Goffinet}
}

@Article{Sidje-1998-130,
  author =	 {R B Sidje},
  title =	 {\textsc{Expokit}: A software package for computing
                  matrix exponentials},
  journal =	 {ACM Transactions on Mathematical Software},
  year =	 1998,
  volume =	 24,
  pages =	 {130--156}
}

@Book{Simpson-1953,
  author =	 {G G Simpson},
  title =	 {The Major Features of Evolution},
  publisher =	 {Columbia University Press},
  year =	 1953,
  address =	 {New York}
}

@Article{Simpson-2011-3274,
  author =	 {C Simpson and W Kiessling and H Mewis and R C
                  Baron-Szabo and J M\"uller},
  title =	 {Evolutionary diversification of reef corals: a
                  comparison of the molecular and fossil records},
  journal =	 {Evolution},
  year =	 2011,
  volume =	 65,
  pages =	 {3274--3284}
}

@Article{Slater-2012-752,
  author =	 {G J Slater and L J Harmon and Daniel Wegmann and P
                  Joyce and L J Revell and M E Alfaro},
  title =	 {Fitting models of continuous trait evolution to
                  incompletely sampled comparative data using
                  {Approximate Bayesian Computation}},
  journal =	 {Evolution},
  year =	 2012,
  volume =	 66,
  pages =	 {752--762}
}

@Article{Slatkin-1981-421,
  author =	 {M Slatkin},
  title =	 {A diffusion model of species selection},
  journal =	 {Paleobiology},
  year =	 1981,
  volume =	 7,
  number =	 4,
  pages =	 {421--425},
}

@Article{Smith-2008-86,
  author =	 {S Smith and M Donoghue},
  title =	 {Rates of molecular evolution are linked to life
                  history in flowering plants},
  journal =	 {Science},
  year =	 2008,
  volume =	 322,
  pages =	 {86--89}
}

@Article{Stadler-2011-6187,
  author =	 {T Stadler},
  title =	 {Mammalian phylogeny reveals recent diversification
                  rate shifts},
  journal =	 {Proceedings of the National Acadamy of Sciences,
                  USA},
  year =	 2011,
  volume =	 108,
  pages =	 {6187--6192}
}

@Article{Stanley-1973-1,
  author =	 {S M Stanley},
  title =	 {An explanation for {Cope's} rule},
  journal =	 {Evolution},
  year =	 1973,
  volume =	 27,
  number =	 1,
  pages =	 {1--26},
}

@Article{Stanley-1975-646,
  author =	 {S M Stanley},
  title =	 {A theory of evolution above the species level},
  journal =	 {Proceedings of the National Acadamy of Sciences,
                  USA},
  year =	 1975,
  volume =	 72,
  number =	 2,
  pages =	 {646--650},
}

@Article{Steeman-2009-573,
  author =	 {M E Steeman and Martin B Hebsgaard and R Ewan
                  Fordyce and Simon Y W Ho and Daniel L Rabosky and
                  Rasmus Nielsen and Carsten Rahbek and Henrik Glenner
                  and Martin V S{\o}rensen and Eske Willerslev},
  title =	 {Radiation of extant cetaceans driven by
                  restructuring of the oceans},
  journal =	 {Systematic Biology},
  year =	 2009,
  volume =	 58,
  number =	 6,
  pages =	 {573--585}
}

@Article{Tajima-1983-437,
  author =	 {F Tajima},
  title =	 {Evolutionary relationship of {DNA} sequences in
                  finite populations},
  journal =	 {Genetics},
  year =	 1983,
  volume =	 105,
  pages =	 {437--460},
}

@Article{Takebayashi-2001-1143,
  author =	 {N Takebayashi and P L Morell},
  title =	 {Is self-fertilization an evolutionary dead end?
                  revisiting an old hypothesis with genetic theories
                  and a macroevolutionary approach },
  journal =	 {American Journal of Botany},
  year =	 2001,
  volume =	 88,
  number =	 7,
  pages =	 {1143--1150},
}

@Article{Tarver-2011-700,
  author =	 {J Tarver and P Donoghue},
  title =	 {The trouble with topology: phylogenies without
                  fossils provide a revisionist perspective of
                  evolutionary history in topological analyses of
                  diversity},
  journal =	 {Systematic Biology},
  year =	 2011,
  volume =	 60,
  pages =	 {700--712}
}

@Article{Taylor-2006-343,
  author =	 {E B Taylor and J W Boughman and M Groenboom and M
                  Sniatynski and D Schluter and J L Gow},
  title =	 {Speciation in reverse: morphological and genetic
                  evidence of the collapse of a three-spined
                  stickleback (\textit{Gasterosteus aculeatus})
                  species pair },
  journal =	 {Molecular Ecology},
  year =	 2006,
  volume =	 {343--355}
}

@Book{Thomas-1981,
  author =	 {B Thomas},
  title =	 {The evolution of plants and flowers},
  publisher =	 {Peter Lowe},
  year =	 1981,
  address =	 {London}
}

@Article{Thomas-2004-28,
  author =	 {G H Thomas and M A Wills and T Sz{\'e}kely},
  title =	 {A supertree approach to shorebird phylogeny},
  journal =	 {BMC Evolutionary Biology},
  year =	 2004,
  volume =	 4,
  pages =	 28,
  doi =		 {10.1186/1471-2148-4-28},
}

@Article{Turelli-1977-140,
  author =	 {M Turelli},
  title =	 {Random environments and stochastic calculus},
  journal =	 {Theoretical Population Biology},
  year =	 1977,
  volume =	 12,
  pages =	 {140--178}
}

@Article{Vamosi-2005-567,
  author =	 {S M Vamosi and J C Vamosi},
  title =	 {Endless tests: guidelines for analysing non-nested
                  sister-group comparisons},
  journal =	 {Evolutionary Ecology Research},
  year =	 2005,
  volume =	 7,
  pages =	 {567--579},
}

@Article{VanValen-1975-87,
  author =	 {L M {Van Valen}},
  title =	 {Group selection, sex, and fossils},
  journal =	 {Evolution},
  year =	 1975,
  volume =	 29,
  pages =	 {87--94}
}

@Article{VanValen-1985-107,
  author =	 {L M {Van Valen} and V C Maiorana},
  title =	 {Patterns of origination},
  journal =	 {Evolutionary Theory},
  year =	 1985,
  volume =	 7,
  pages =	 {107--125}
}

@Article{VanValkenburgh-1999-463,
  author =	 {B Van Valkenburgh},
  title =	 {Major patterns in the history of carnivorous
                  mammals},
  journal =	 {Annual Review of Earth and Planetary Sciences},
  year =	 1999,
  volume =	 27,
  pages =	 {463--493}
}

@Article{VanValkenburgh-2004-101,
  author =	 {B Van Valkenburgh and X Wang and John Damuth},
  title =	 {Cope's Rule, Hypercarnivory, and Extinction in North
                  American Canids},
  journal =	 {Science},
  year =	 2004,
  volume =	 306,
  pages =	 {101--104}
}

@Article{Venditti-2010-349,
  author =	 {C Venditti and A Meade and M Pagel},
  title =	 {Phylogenies reveal new interpretation of speciation
                  and the {Red Queen}},
  journal =	 {Nature},
  year =	 2010,
  volume =	 463,
  pages =	 {349--352}
}

@InProceedings{Vos-2006,
  author =	 {R A Vos and A {\O} Mooers},
  title =	 {A new dated supertree of the {Primates}.  Chapter 5},
  booktitle =	 {Inferring large phylogenies: the big tree
                  problem. (R.A. Vos) PhD. thesis, Simon Fraser
                  University.},
  year =	 2006
}

@Article{Vrba-1984-318,
  author =	 {E S Vrba},
  title =	 {What is species selection?},
  journal =	 {Systematic Zoology},
  year =	 1984,
  volume =	 33,
  number =	 3,
  pages =	 {318--328},
}

@Article{Vrba-1986-217,
  author =	 {E S Vrba and J S Gould},
  title =	 {The hierarchical expansion of sorting and selection:
                  sorting and selection cannot be equated},
  journal =	 {Paleobiology},
  year =	 1986,
  volume =	 12,
  number =	 2,
  pages =	 {217--228},
}

@Article{Wagner-1995-153,
  author =	 {P J Wagner},
  title =	 {Stratigraphic tests of cladistic hypotheses},
  journal =	 {Paleobiology},
  year =	 1995,
  volume =	 21,
  pages =	 {153--178}
}

@Article{Wagner-2000-45,
  author =	 {P Wagner},
  title =	 {The quality of the fossil record and the accuracy of
                  phylogenetic inferences about sampling and
                  diversity},
  journal =	 {Systematic Biology},
  year =	 2000,
  volume =	 49,
  pages =	 {45--86}
}

@Book{Wakeley,
  author =	 {J Wakeley},
  title =	 {Coalescent Theory: An Introduction},
  publisher =	 {Roberts and Company},
  year =	 2008,
  address =	 {Colorado}
}

@Article{Waldron-2007-221,
  author =	 {A Waldron},
  title =	 {Null models of geographic range size evolution
                  reaffirm its heritability},
  journal =	 {The American Naturalist},
  year =	 2007,
  volume =	 170,
  pages =	 {221--231},
  doi =		 {10.1086/518963},
}

@Article{Walker-1984-887,
  author =	 {T D Walker and J W Valentine},
  title =	 {Equilibrium Models of Evolutionary Species Diversity
                  and the Number of Empty Niches},
  journal =	 {Evolution},
  year =	 1984,
  volume =	 124,
  number =	 6,
  pages =	 {887-899}
}

@Article{Warnock-2012-156,
  author =	 {R C M Warnock and Z Yang and P C J Donoghue},
  title =	 {Exploring uncertainty in the calibration of the
                  molecular clock},
  journal =	 {Biology Letters},
  year =	 2012,
  volume =	 8,
  pages =	 {156--159}
}

@Article{Webster-2002-143,
  author =	 {A J Webster and A Purvis},
  title =	 {Testing the accuracy of methods for reconstructing
                  continuous characters},
  journal =	 {Proceedings of the Royal Society of London Series B},
  year =	 2002,
  volume =	 269,
  pages =	 {143--149},
  doi =		 {10.1098/rspb.2001.1873},
}

@Article{Weiblen-2002-1573,
  author =	 {G D Weiblen and G L Bush},
  title =	 {Speciation in fig pollinators and parisites},
  journal =	 {Molecular Ecology},
  year =	 2002,
  volume =	 11,
  pages =	 {1573--1578}
}

@Article{Weir-2007-1574,
  author =	 {J T Weir and D Schluter},
  title =	 {The latitudinal gradient in recent speciation and
                  extinction rates of birds and mammals},
  journal =	 {Science},
  year =	 2007,
  volume =	 315,
  number =	 5818,
  pages =	 {1574--1576},
  doi =		 {10.1126/science.1135590},
}

@Article{Wiens-2011-75,
  author =	 {J J Wiens},
  title =	 {The Causes Of Species Richness Patterns Across
                  Space, Time, And Clades And The Role Of ``Ecological
                  Limits''},
  journal =	 {Quarterly Review of Biology},
  year =	 2011,
  volume =	 86,
  pages =	 {75--96}
}

@Article{Wilson-2011-1305,
  author =	 {A W Wilson and M Binder and D S Hibbett},
  title =	 {Effects of gasteroid fruiting body morphology on
                  diversification rates in three independent clades of
                  fungi estimated using binary state speciation and
                  extinction analysis},
  journal =	 {Evolution},
  year =	 2011,
  volume =	 65,
  number =	 {1305--1322}
}

@Article{WinBUGS,
  author =	 {D J Lunn and A Thomas and N Best and D
                  Spiegelhalter},
  title =	 {{WinBUGS} -- a {Bayesian} modelling framework:
                  concepts, structure, and extensibility},
  journal =	 {Statistics and Computing},
  year =	 2000,
  volume =	 10,
  pages =	 {325--337}
}

@Article{Winger-2012-610,
  author =	 {B M Winger and I J Lovette and D W Winker},
  title =	 {Ancestry and evolution of seasonal migration in the
                  {Parulidae}},
  journal =	 {Proceedings of the Royal Society of London Series B},
  year =	 2012,
  volume =	 279,
  pages =	 {610--618}
}

@Article{ape,
  title =	 {A{PE}: analyses of phylogenetics and evolution in
                  {R} language},
  author =	 {E. Paradis and J. Claude and K. Strimmer},
  journal =	 {Bioinformatics},
  year =	 2004,
  volume =	 20,
  pages =	 {289-290},
}

@Article{deSolve,
  title =	 {Solving Differential Equations in R: Package
                  deSolve},
  author =	 {Karline Soetaert and Thomas Petzoldt and R. Woodrow
                  Setzer},
  journal =	 {Journal of Statistical Software},
  volume =	 33,
  number =	 9,
  pages =	 {1--25},
  year =	 2010,
}

@Article{fftw,
  author =	 {M Frigo and S G Johnson},
  title =	 {The design and implementation of {FFTW3}},
  journal =	 {Procedings of the IEEE},
  year =	 2005,
  volume =	 93,
  number =	 2,
  pages =	 {216--231}
}

@PhdThesis{subplex,
  author =	 {T Rowan},
  title =	 {Functional Stability Analysis of Numerical
                  Algorithms},
  school =	 {University of Texas at Austin},
  year =	 1990
}

@Article{xmds,
  author =	 {G Collecutt and P D Drummond},
  title =	 {xmds: eXtensible multi-dimensional simulator},
  journal =	 {Computer Physics Communications},
  year =	 2001,
  volume =	 142,
  pages =	 {219--223}
}


@Book{Lyell-1832,
  author =	 {C Lyell},
  title =	 {Principles of Geology},
  publisher =	 {John Murray},
  year =	 1832,
  volume =	 2,
  address =	 {London},
  url =
                  {http://darwin-online.org.uk/content/frameset?viewtype=text&itemID=A505.2&pageseq=1}
}

@Article{Charlesworth-1981-169,
  author =	 {B Charlesworth},
  title =	 {Macroevolution: pattern and process (book review)},
  journal =	 {Biological Journal of the Linnean Society},
  year =	 1981,
  volume =	 16,
  pages =	 {169--172}
}

@Article{Rosenzweig-1996-681,
  author =	 {M L Rosenzweig},
  title =	 {Colonial birds probably do speciate faster},
  journal =	 {Evolutionary Ecology},
  year =	 1996,
  volume =	 {681--683}
}

@MANUAL{simtreesdd,
  title = {Simulating phylogenetic trees under state-dependent diversification},
  author = {SimTreeSDD},
  year = {2010},
  url = {http://tigger.uic.edu/~eeg/code/code.html},
}

@Article{cvode,
  author =	 {S D Cohen and A C Hindemarsh},
  title =	 {{CVODE}, a stiff/nonstiff {ODE} solver in {C}},
  journal =	 {Computers in Physics},
  year =	 1996,
  volume =	 10,
  number =	 2,
  pages =	 {138--143}
}


@Article{sundials,
  author =	 {A C Hindmarsh and P N Brown and K E Grant and S L
                  Lee and R Serban and D E Shumaker and C S Woodward},
  title =	 {{SUNDIALS}: Suite of Nonlinear and
                  Differential/Algebraic Equation Solvers},
  journal =	 {ACM Transactions on Mathematical Software},
  year =	 2005,
  volume =	 31,
  number =	 3,
  pages =	 {363--396}
}

@Article{Moler-2003-3,
  author =	 {C Moler and C Van Loan},
  title =	 {Nineteen dubious ways to compute the exponential of
                  a matrix, twenty-five years later},
  journal =	 {SIAM Review},
  year =	 2003,
  volume =	 45,
  pages =	 {3--49}
}

@Article{geiger,
  author =	 {L J Harmon and J T Weir and C D Brock and R E Glor
                  and W Challenger},
  title =	 {{GEIGER}: investigating evolutionary radiations},
  journal =	 {Bioinformatics},
  year =	 2008,
  volume =	 24,
  pages =	 {129--131}
}
