@Article{Alfaro-2009-13410,
  author =	 {Michael E Alfaro and Francesco Santini and Chad
                  Brock and Hugo Alamillo and Alex Dornburg and Daniel
                  L Rabosky and Giorgio Carnevale and Luke J Harmon},
  journal =	 {Proceedings of the National Acadamy of Sciences,
                  USA},
  title =	 {Nine exceptional radiations plus high turnover
                  explain species diversity in jawed vertebrates},
  affiliation =	 {Univ Calif Los Angeles, Dept Ecol {\&} Evolutionary
                  Biol, Los Angeles, CA 90095 USA},
  number =	 32,
  pages =	 {13410--13414},
  volume =	 106,
  year =	 2009,
  month =	 {Jan},
  keywords =	 {Evolutionary Radiation, Choice, Phylogenetics,
                  Clades, Nuclear, Evolutionary Process, Differential
                  Diversification Rates, Speciation, Position,
                  Extinction Rates, Tree, macroevolution, Phylogeny},
  date-added =	 {2009-09-17 15:30:02 -0700},
  date-modified ={2009-09-17 15:30:44 -0700},
  doi =		 {10.1073/pnas.0811087106},
  pmid =	 000268877300049,
  local-url =
                  {file://localhost/Users/rich/Documents/Papers/Alfaro-2009-13410-13414.pdf},
  uri =
                  {papers://CDB93797-FA99-4F1B-888D-16B05BBEB5F0/Paper/p750},
  read =	 {Yes},
  rating =	 0
}

@Article{Anacker-2010-365,
  author =	 {B L Anacker and J B Whittall and E E Goldberg and S
                  P Harrison},
  title =	 {Origins and consequences of serpentine endemism in
                  the {California} flora},
  journal =	 {Evolution},
  year =	 2010,
  volume =	 65,
  pages =	 {365--376}
}


@Article{Bokma-2008-2718,
  author =	 {F Bokma},
  title =	 {Detection of ``punctuated equilibrium'' by
                  {Bayesian} estimation of speciation and extinction
                  rates, ancestral character states, and rates of
                  anagenetic and cladogenetic evolution on a molecular
                  phylogeny},
  journal =	 {Evolution},
  year =	 2008,
  volume =	 62,
  number =	 11,
  pages =	 {2718--2726}
}



@Article{Bollback-2006-88,
  author =	 {J P Bollback},
  title =	 {SIMMAP: Stochastic character mapping of discrete
                  traits on phylogenies},
  journal =	 {BMC Bioinformatics},
  year =	 2006,
  volume =	 7,
  pages =	 88
}


@Article{Claramunt-2012-1567,
  author =	 {Santiago Claramunt and Elizabeth P. Derryberry and
                  Remsen, Jr, J. V. and Robb T. Brumfield},
  title =	 {High dispersal ability inhibits speciation in a
                  continental radiation of passerine birds },
  journal =	 {Proceedings of the Royal Society of London, Series B
                  Biological Sciences},
  year =	 2012,
  volume =	 279,
  pages =	 {1567--1574},
  doi =		 {10.1098/rspb.2011.1922}
}

@Article{Eastman-2011-3578,
  author =	 {J M Eastman and M E Alfaro and P Joyce and A L Hipp
                  and L J Harmon},
  title =	 {A novel comparative method for identifying shifts in
                  the rate of character evolution on trees },
  journal =	 {Evolution},
  year =	 2011,
  volume =	 65,
  pages =	 {3578--3589}
}

@Article{Felsenstein-1981-368,
  author =	 {J Felsenstein},
  title =	 {Evolutionary trees from {DNA} sequences: A maximum
                  likelihood approach},
  journal =	 {Journal of Molecular Evolution},
  year =	 1981,
  volume =	 17,
  pages =	 {368--376}
}

@Article{Felsenstein-1985-1,
  author =	 {J Felsenstein},
  title =	 {Phylogenies and the comparative method},
  journal =	 {The American Naturalist},
  year =	 1985,
  volume =	 125,
  pages =	 {1--15}
}
@Article{FitzJohn-2009-595,
  author =	 {R G FitzJohn and W P Maddison and S P Otto},
  title =	 {Estimating trait-dependent speciation and extinction
                  rates from incompletely resolved phylogenies},
  journal =	 {Systematic Biology},
  year =	 2009,
  volume =	 58,
  pages =	 {595--611}
}

@Article{FitzJohn-2010-619,
  author =	 {R G FitzJohn},
  title =	 {Quantitative Traits and Diversification},
  journal =	 {Systematic Biology},
  year =	 2010,
  volume =	 59,
  pages =	 {619-633}
}

@Article{Goldberg-2008-2727,
  author =       {E E Goldberg and B Igi\'c},
  title =        {On phylogenetic tests of irreversible evolution},
  journal =      {Evolution},
  year =         2008,
  volume =       62,
  number =       11,
  pages =        {2727--2741},
  doi =          {10.1111/j.1558-5646.2008.00505.x}
}
@Article{Goldberg-2011-451,
  author =	 {E E Goldberg and L T Lancaster and R H Ree},
  title =	 {Phylogenetic inference of reciprocal effects between
                  geographic range evolution and diversification},
  journal =	 {Systematic Biology},
  year =	 2011,
  volume =	 60,
  pages =	 {451--465}
}
@Article{Goldberg-classe,
  author =	 {E E Goldberg and B Igi{\'c}},
  title =	 {Tempo and mode in plant breeding system evolution},
  journal =	 {Evolution},
  year =	 {in press}
}

@Article{Gomez-2012,
  author =	 {J M G\'omez and M Verd\'u},
  title =	 {Mutualism with plants drives Primate
                  diversification},
  journal =	 {Systematic Biology},
  year =	 2012,
  volume =	 {in press}
}

@Article{Johnson-2011-3230,
  author =	 {M T J Johnson and R G FitzJohn and S D Smith and M D
                  Rausher and S P Otto},
  title =	 {Loss of sexual recombination and segregation is
                  associated with increased diversification in evening
                  primroses},
  journal =	 {Evolution},
  year =	 2011,
  volume =	 65,
  number =	 11,
  pages =	 {3230--3240}
}

@Article{Kass-1995-773,
  author =	 {R E Kass and A E Raftery},
  title =	 {Bayes Factors},
  journal =	 {Journal of the American Statistical Association},
  year =	 1995,
  volume =	 90,
  pages =	 {773--795}
}

@Article{Kuhn-2011-427,
  author =       {T S Kuhn and A \O Mooers and G H Thomas},
  title =        {A simple polytomy resolver for dated phylogenies},
  journal =      {Methods in Ecology and Evolution},
  year =         2011,
  volume =       2,
  pages =        {427--436}
}

@Article{Lewis-2001-913,
  author =	 {P O Lewis},
  title =	 {A likelihood approach to estimating phylogeny from
                  discrete morphological character data},
  journal =	 {Systematic Biology},
  year =	 2001,
  volume =	 50,
  number =	 6,
  pages =	 {913--925}
}

@Article{Lislevand-2007-1605,
  author =	 {T Lislevand and J Figuerola and T Sz{\'e}kely},
  title =	 {Avian body sizes in relation to fecundity, mating
                  system, display behavior, and resource sharing},
  journal =	 {Ecology},
  year =	 2007,
  volume =	 88,
  number =	 6,
  pages =	 1605,
  local-url =	 PDFDIR # "Lislevand-2007-1605.pdf"
}

@Article{Maddison-2006-1743,
  author =       {W P Maddison},
  title =        {Confounding asymmetries in evolutionary
                  diversification and character change},
  journal =      {Evolution},
  year =         2006,
  volume =       60,
  number =       8,
  pages =        {1743--1746},
  doi =          {10.1111/j.0014-3820.2006.tb00517.x}
}

@Article{Maddison-2007-701,
  author =	 {W P Maddison and P E Midford and S P Otto},
  title =	 {Estimating a binary character's effect on speciation
                  and extinction},
  journal =	 {Systematic Biology},
  year =	 2007,
  volume =	 56,
  number =	 5,
  pages =	 {701--710},
  doi =		 {10.1080/10635150701607033},
  local-url =	 PDFDIR # "Maddison-2007-701.pdf"
}

@Article{Magnuson-Ford-2012,
  author =	 {K Magnuson-Ford and S P Otto},
  title =	 {Linking the investigations of character evolution
                  and species diversification},
  journal =	 {American Naturalist},
  year =	 2012,
  volume =	 {in press}
}

@Article{Neal-2003-705,
  author =	 {R M Neal},
  title =	 {Slice sampling},
  journal =	 {The Annals of Statistics},
  year =	 2003,
  volume =	 31,
  pages =	 {705--767},
  local-url =	 PDFDIR # "Neal-2003-705.pdf",
  doi =		 {10.1214/aos/1056562461}
}

@Article{Nee-1994-305,
  author =	 {S Nee and R M May and P H Harvey},
  title =	 {The reconstructed evolutionary process},
  journal =	 {Philosophical Transactions of the Royal Society of
                  London Series B},
  year =	 1994,
  volume =	 344,
  pages =	 {305--311},
  local-url =	 PDFDIR # "Nee-1994-305.pdf"
}

@Article{Pagel-1994-37,
  author =	 {M Pagel},
  title =	 {Detecting correlated evolution on phylogenies: a
                  general method for the comparative analysis of
                  discrete characters},
  journal =	 {Proceedings of the Royal Society of London Series B},
  year =	 1994,
  volume =	 255,
  pages =	 {37--45},
  local-url =	 PDFDIR # "Pagel-1994-37.pdf"
}

@Manual{R,
  title =        {R: A Language and Environment for Statistical
                  Computing},
  author =       {{R Development Core Team}},
  organization = {R Foundation for Statistical Computing},
  address =      {Vienna, Austria},
  year =         2012,
  note =         {{ISBN} 3-900051-07-0},
  url =          {http://www.R-project.org},
}

@Article{Rabosky-2010-22178,
  author =	 {D L Rabosky and R E Glor},
  title =	 {Equilibrium speciation dynamics in a model adaptive
                  radiation of island lizards},
  journal =	 {Proceedings of the National Acadamy of Sciences,
                  USA},
  year =	 2010,
  volume =	 51,
  pages =	 {22178--22183}
}

@Article{Read-1995-99,
  author =       {A F Read and S Nee},
  title =        {Inference from binary comparative data},
  journal =      {Journal of Theoretical Biology},
  year =         1995,
  volume =       173,
  pages =        {99--108},
  doi =          {10.1006/jtbi.1995.0047},
  local-url =    PDFDIR # "Read-1995-99.pdf"
}

@Article{Redding-2010-1052,
  author =	 {D W Redding and C DeWolff and A {\O} Mooers},
  title =	 {Evolutionary distinctiveness, threat status and
                  ecological oddity in primates},
  journal =	 {Conservation Biology},
  year =	 2010,
  volume =	 24,
  pages =	 {1052--1058}
}


@Article{Schluter-1997-1699,
  author =       {D Schluter and T Price and A {\O} Mooers and D
                  Ludwig},
  title =        {Likelihood of ancestor states in adaptive radiation},
  journal =      {Evolution},
  year =         1997,
  volume =       51,
  pages =        {1699--1711},
  local-url =    PDFDIR # "Schluter-1997-1699.pdf"
}

@Article{Schluter-2009-737,
  author =	 {D Schluter},
  title =	 {Evidence for ecological speciation and its
                  alternative},
  journal =	 {Science},
  year =	 2009,
  volume =	 323,
  pages =	 {737--741}
}

@Article{Thomas-2004-28,
  author =	 {G H Thomas and M A Wills and T Sz{\'e}kely},
  title =	 {A supertree approach to shorebird phylogeny},
  journal =	 {BMC Evolutionary Biology},
  year =	 2004,
  volume =	 4,
  pages =	 28,
  doi =		 {10.1186/1471-2148-4-28},
  local-url =	 PDFDIR # "Thomas-2004-28.pdf"
}

@InProceedings{Vos-2006,
  author =	 {R A Vos and A {\O} Mooers},
  title =	 {A new dated supertree of the {Primates}.  Chapter 5},
  booktitle =	 {Inferring large phylogenies: the big
                  tree problem. (R.A. Vos) PhD. thesis, Simon Fraser
                  University.},
  year =	 2006
}

@Article{Wilson-2011-1305,
  author =	 {A W Wilson and M Binder and D S Hibbett},
  title =	 {Effects of gasteroid fruiting body morphology on
                  diversification rates in three independent clades of
                  fungi estimated using binary state speciation and
                  extinction analysis},
  journal =	 {Evolution},
  year =	 2011,
  volume =	 65,
  number =	 {1305--1322}
}

@Article{Winger-2012-610,
  author =	 {B M Winger and I J Lovette and D W Winker},
  title =	 {Ancestry and evolution of seasonal migration in the
                  {Parulidae}},
  journal =	 {Proceedings of the Royal Society of London Series B},
  year =	 2012,
  volume =	 279,
  pages =	 {610--618}
}

@Article{ape,
  title =	 {A{PE}: analyses of phylogenetics and evolution in
                  {R} language},
  author =	 {E. Paradis and J. Claude and K. Strimmer},
  journal =	 {Bioinformatics},
  year =	 2004,
  volume =	 20,
  pages =	 {289-290},
}

@Article{deSolve,
  title =	 {Solving Differential Equations in R: Package
                  deSolve},
  author =	 {Karline Soetaert and Thomas Petzoldt and R. Woodrow
                  Setzer},
  journal =	 {Journal of Statistical Software},
  volume =	 33,
  number =	 9,
  pages =	 {1--25},
  year =	 2010,
  coden =	 {JSSOBK},
  issn =	 {1548-7660},
  url =		 {http://www.jstatsoft.org/v33/i09},
  keywords =	 {ordinary differential equations, partial
                  differential equations, differential algebraic
                  equations, initial value problems, R, FORTRAN, C},
}

@PhdThesis{subplex,
  author =	 {T Rowan},
  title =	 {Functional Stability Analysis of Numerical
                  Algorithms},
  school =	 {University of Texas at Austin},
  year =	 1990
}

@Article{Maddison-1997-590,
  author =	 {D R Maddison and D L Swofford and W P Maddison},
  title =	 {{NEXUS}: an extensible file format for systematic
                  information},
  journal =	 {Systematic Biology},
  year =	 1997,
  volume =	 46,
  pages =	 {590--621}
}

@Article{Losos-2011-709,
  author =	 {J Losos},
  title =	 {Seeing the forest for the trees: The limitations of
                  phylogenies in comparative biology},
  journal =	 {The American Naturalist},
  year =	 2011,
  volume =	 177,
  pages =	 {709--727}
}

@Manual{Mesquite,
  title =	 {\textsc{Mesquite}: A modular system for evolutionary
                  analysis.  Version 2.5.
                  \texttt{http://www.mesquiteproject.org}},
  author =	 {W P Maddison and D R Maddison},
  year =	 2008
}

@inproceedings{Sweave,
  author =	 {Friedrich Leisch},
  title =	 {Sweave: Dynamic Generation of Statistical Reports
                  Using Literate Data Analysis},
  booktitle =	 {Compstat 2002 --- Proceedings in Computational
                  Statistics},
  pages =	 {575--580},
  year =	 2002,
  editor =	 {Wolfgang H{\"a}rdle and Bernd R{\"o}nz},
  publisher =	 {Physica Verlag, Heidelberg},
  note =	 {{ISBN} 3-7908-1517-9},
  url =		 {http://www.stat.uni-muenchen.de/~leisch/Sweave}
}

@Article{Burbrink-2012-465,
  author =	 {F T Burbrink and S Ruane and R A Pyron},
  title =	 {When are adaptive radiations replicated in areas?
                  Ecological opportunity and unexceptional
                  diversification in {West Indian} dipsadine snakes
                  ({Colubridae: Alsophiini}) },
  journal =	 {Journal of Biogeography},
  year =	 2012,
  volume =	 39,
  pages =	 {465--475}
}


@Article{cvode,
  author =	 {S D Cohen and A C Hindemarsh},
  title =	 {{CVODE}, a stiff/nonstiff {ODE} solver in {C}},
  journal =	 {Computers in Physics},
  year =	 1996,
  volume =	 10,
  number =	 2,
  pages =	 {138--143}
}


@Article{sundials,
  author =	 {A C Hindmarsh and P N Brown and K E Grant and S L
                  Lee and R Serban and D E Shumaker and C S Woodward},
  title =	 {{SUNDIALS}: Suite of Nonlinear and
                  Differential/Algebraic Equation Solvers},
  journal =	 {ACM Transactions on Mathematical Software},
  year =	 2005,
  volume =	 31,
  number =	 3,
  pages =	 {363--396}
}

@Article{Moler-2003-3,
  author =	 {C Moler and C Van Loan},
  title =	 {Nineteen dubious ways to compute the exponential of
                  a matrix, twenty-five years later},
  journal =	 {SIAM Review},
  year =	 2003,
  volume =	 45,
  pages =	 {3--49}
}

@Article{geiger,
  author =	 {L J Harmon and J T Weir and C D Brock and R E Glor
                  and W Challenger},
  title =	 {{GEIGER}: investigating evolutionary radiations},
  journal =	 {Bioinformatics},
  year =	 2008,
  volume =	 24,
  pages =	 {129--131}
}

@Article{fftw,
  author =	 {M Frigo and S G Johnson},
  title =	 {The design and implementation of \textsc{fftw}3},
  journal =	 {Procedings of the IEEE},
  year =	 2005,
  volume =	 93,
  number =	 2,
  pages =	 {216--231}
}

@Book{Karlin-Taylor,
  author =	 {S Karlin and H M Taylor},
  title =	 {A Second Course in Stochastic Processes},
  publisher =	 {Academic Press},
  year =	 1981,
  address =	 {London}
}

@Article{Bininda-Emonds-2007-507,
  author =	 {Olaf R P Bininda-Emonds and Marcel Cardillo and Kate
                  E Jones and Ross D E MacPhee and Robin M D Beck and
                  Richard Grenyer and Samantha A Price and Rutger A
                  Vos and John L Gittleman and Andy Purvis},
  title =	 {The delayed rise of present-day mammals},
  journal =	 {Nature},
  year =	 2007,
  volume =	 446,
  pages =	 {507--512},
  doi =		 {10.1038/nature05634},
}

@Article{Smith-2008-86,
  author =	 {S Smith and M Donoghue},
  title =	 {Rates of molecular evolution are linked to life
                  history in flowering plants},
  journal =	 {Science},
  year =	 2008,
  volume =	 322,
  pages =	 {86--89}
}

@Article{Felsenstein-1973-471,
  author =	 {J Felsenstein},
  title =	 {Maximum-likelihood estimation of evolutionary trees
                  from continuous characters},
  journal =	 {American Journal of Human Genetics},
  year =	 1973,
  volume =	 25,
  pages =	 {471--492}
}

